% Autogenerated, do not edit
@proceedings{hpcn95,
 booktitle = {Proc. HPCN},
 year = {1995},
}

@proceedings{asplos00,
 booktitle = {Proc. of the 9th intl. conf. on Architectural Support for Programming Languages and Operating Systems (ASPLOS-IX)},
 year = {2000}
}

@proceedings{asplos02,
 booktitle = {Proc. of the 10th intl. conf. on Architectural Support for Programming Languages and Operating Systems (ASPLOS-X)},
 year = {2002}
}

@proceedings{asplos04,
 booktitle = {Proc. of the 11th intl. conf. on Architectural Support for Programming Languages and Operating Systems (ASPLOS-XI)},
 year = {2004}
}

@proceedings{asplos06,
 booktitle = {Proc. of the 12th intl. conf. on Architectural Support for Programming Languages and Operating Systems (ASPLOS-XII)},
 year = {2006}
}

@proceedings{asplos08,
 booktitle = {Proc. of the 13th intl. conf. on Architectural Support for Programming Languages and Operating Systems (ASPLOS-XIII)},
 year = {2008}
}

@proceedings{asplos09,
 booktitle = {Proc. of the 14th intl. conf. on Architectural Support for Programming Languages and Operating Systems (ASPLOS-XIV)},
 year = {2009}
}

@proceedings{asplos10,
 booktitle = {Proc. of the 15th intl. conf. on Architectural Support for Programming Languages and Operating Systems (ASPLOS-XV)},
 year = {2010}
}

@proceedings{asplos11,
 booktitle = {Proc. of the 16th intl. conf. on Architectural Support for Programming Languages and Operating Systems (ASPLOS-XVI)},
 year = {2011}
}

@proceedings{asplos12,
 booktitle = {Proc. of the 17th intl. conf. on Architectural Support for Programming Languages and Operating Systems (ASPLOS-XVII)},
 year = {2012}
}

@proceedings{asplos13,
 booktitle = {Proc. of the 18th intl. conf. on Architectural Support for Programming Languages and Operating Systems (ASPLOS-XVIII)},
 year = {2013}
}

@proceedings{asplos14,
 booktitle = {Proc. of the 19th intl. conf. on Architectural Support for Programming Languages and Operating Systems (ASPLOS-XIX)},
 year = {2014}
}

@proceedings{asplos15,
 booktitle = {Proc. of the 20th intl. conf. on Architectural Support for Programming Languages and Operating Systems (ASPLOS-XX)},
 year = {2015}
}

@proceedings{asplos16,
 booktitle = {Proc. of the 21st intl. conf. on Architectural Support for Programming Languages and Operating Systems (ASPLOS-XXI)},
 year = {2016}
}

@proceedings{asplos17,
 booktitle = {Proc. of the 22nd intl. conf. on Architectural Support for Programming Languages and Operating Systems (ASPLOS-XXII)},
 year = {2017}
}

@proceedings{asplos18,
 booktitle = {Proc. of the 23rd intl. conf. on Architectural Support for Programming Languages and Operating Systems (ASPLOS-XXIII)},
 year = {2018}
}

@proceedings{asplos19,
 booktitle = {Proc. of the 24th intl. conf. on Architectural Support for Programming Languages and Operating Systems (ASPLOS-XXIV)},
 year = {2019}
}

@proceedings{asplos20,
 booktitle = {Proc. of the 25th intl. conf. on Architectural Support for Programming Languages and Operating Systems (ASPLOS-XXV)},
 year = {2020}
}

@proceedings{asplos21,
 booktitle = {Proc. of the 26th intl. conf. on Architectural Support for Programming Languages and Operating Systems (ASPLOS-XXVI)},
 year = {2021}
}

@proceedings{asplos22,
 booktitle = {Proc. of the 27th intl. conf. on Architectural Support for Programming Languages and Operating Systems (ASPLOS-XXVII)},
 year = {2022}
}

@proceedings{asplos23,
 booktitle = {Proc. of the 28th intl. conf. on Architectural Support for Programming Languages and Operating Systems (ASPLOS-XXVIII)},
 year = {2023}
}

@proceedings{asplos82,
 booktitle = {Proc. of the 1st intl. conf. on Architectural Support for Programming Languages and Operating Systems (ASPLOS-I)},
 year = {1982}
}

@proceedings{asplos87,
 booktitle = {Proc. of the 2nd intl. conf. on Architectural Support for Programming Languages and Operating Systems (ASPLOS-II)},
 year = {1987}
}

@proceedings{asplos89,
 booktitle = {Proc. of the 3rd intl. conf. on Architectural Support for Programming Languages and Operating Systems (ASPLOS-III)},
 year = {1989}
}

@proceedings{asplos91,
 booktitle = {Proc. of the 4th intl. conf. on Architectural Support for Programming Languages and Operating Systems (ASPLOS-IV)},
 year = {1991}
}

@proceedings{asplos92,
 booktitle = {Proc. of the 5th intl. conf. on Architectural Support for Programming Languages and Operating Systems (ASPLOS-V)},
 year = {1992}
}

@proceedings{asplos94,
 booktitle = {Proc. of the 6th intl. conf. on Architectural Support for Programming Languages and Operating Systems (ASPLOS-VI)},
 year = {1994}
}

@proceedings{asplos96,
 booktitle = {Proc. of the 7th intl. conf. on Architectural Support for Programming Languages and Operating Systems (ASPLOS-VII)},
 year = {1996}
}

@proceedings{asplos98,
 booktitle = {Proc. of the 8th intl. conf. on Architectural Support for Programming Languages and Operating Systems (ASPLOS-VIII)},
 year = {1998}
}

@proceedings{cgo03,
 booktitle = {Proc. of the 1st IEEE/ACM Intl. Symp. on Code Generation and Optimization (CGO)},
 year = {2003}
}

@proceedings{cgo04,
 booktitle = {Proc. of the 2nd IEEE/ACM Intl. Symp. on Code Generation and Optimization (CGO)},
 year = {2004}
}

@proceedings{cgo05,
 booktitle = {Proc. of the 3rd IEEE/ACM Intl. Symp. on Code Generation and Optimization (CGO)},
 year = {2005}
}

@proceedings{cgo06,
 booktitle = {Proc. of the 4th IEEE/ACM Intl. Symp. on Code Generation and Optimization (CGO)},
 year = {2006}
}

@proceedings{cgo07,
 booktitle = {Proc. of the 5th IEEE/ACM Intl. Symp. on Code Generation and Optimization (CGO)},
 year = {2007}
}

@proceedings{cgo08,
 booktitle = {Proc. of the 6th IEEE/ACM Intl. Symp. on Code Generation and Optimization (CGO)},
 year = {2008}
}

@proceedings{cgo09,
 booktitle = {Proc. of the 7th IEEE/ACM Intl. Symp. on Code Generation and Optimization (CGO)},
 year = {2009}
}

@proceedings{cgo10,
 booktitle = {Proc. of the 8th IEEE/ACM Intl. Symp. on Code Generation and Optimization (CGO)},
 year = {2010}
}

@proceedings{cgo11,
 booktitle = {Proc. of the 9th IEEE/ACM Intl. Symp. on Code Generation and Optimization (CGO)},
 year = {2011}
}

@proceedings{cgo12,
 booktitle = {Proc. of the 10th IEEE/ACM Intl. Symp. on Code Generation and Optimization (CGO)},
 year = {2012}
}

@proceedings{cgo13,
 booktitle = {Proc. of the 11th IEEE/ACM Intl. Symp. on Code Generation and Optimization (CGO)},
 year = {2013}
}

@proceedings{cgo14,
 booktitle = {Proc. of the 12th IEEE/ACM Intl. Symp. on Code Generation and Optimization (CGO)},
 year = {2014}
}

@proceedings{cgo15,
 booktitle = {Proc. of the 13th IEEE/ACM Intl. Symp. on Code Generation and Optimization (CGO)},
 year = {2015}
}

@proceedings{cgo16,
 booktitle = {Proc. of the 14th IEEE/ACM Intl. Symp. on Code Generation and Optimization (CGO)},
 year = {2016}
}

@proceedings{cgo17,
 booktitle = {Proc. of the 15th IEEE/ACM Intl. Symp. on Code Generation and Optimization (CGO)},
 year = {2017}
}

@proceedings{cgo18,
 booktitle = {Proc. of the 16th IEEE/ACM Intl. Symp. on Code Generation and Optimization (CGO)},
 year = {2018}
}

@proceedings{cgo19,
 booktitle = {Proc. of the 17th IEEE/ACM Intl. Symp. on Code Generation and Optimization (CGO)},
 year = {2019}
}

@proceedings{cgo20,
 booktitle = {Proc. of the 18th IEEE/ACM Intl. Symp. on Code Generation and Optimization (CGO)},
 year = {2020}
}

@proceedings{cgo21,
 booktitle = {Proc. of the 19th IEEE/ACM Intl. Symp. on Code Generation and Optimization (CGO)},
 year = {2021}
}

@proceedings{cgo22,
 booktitle = {Proc. of the 20th IEEE/ACM Intl. Symp. on Code Generation and Optimization (CGO)},
 year = {2022}
}

@proceedings{dac00,
 booktitle = {Proc. of the 37th Design Automation Conf. (DAC-37)},
 year = {2000}
}

@proceedings{dac01,
 booktitle = {Proc. of the 38th Design Automation Conf. (DAC-38)},
 year = {2001}
}

@proceedings{dac02,
 booktitle = {Proc. of the 39th Design Automation Conf. (DAC-39)},
 year = {2002}
}

@proceedings{dac03,
 booktitle = {Proc. of the 40th Design Automation Conf. (DAC-40)},
 year = {2003}
}

@proceedings{dac04,
 booktitle = {Proc. of the 41st Design Automation Conf. (DAC-41)},
 year = {2004}
}

@proceedings{dac05,
 booktitle = {Proc. of the 42nd Design Automation Conf. (DAC-42)},
 year = {2005}
}

@proceedings{dac06,
 booktitle = {Proc. of the 43rd Design Automation Conf. (DAC-43)},
 year = {2006}
}

@proceedings{dac07,
 booktitle = {Proc. of the 44th Design Automation Conf. (DAC-44)},
 year = {2007}
}

@proceedings{dac08,
 booktitle = {Proc. of the 45th Design Automation Conf. (DAC-45)},
 year = {2008}
}

@proceedings{dac09,
 booktitle = {Proc. of the 46th Design Automation Conf. (DAC-46)},
 year = {2009}
}

@proceedings{dac10,
 booktitle = {Proc. of the 47th Design Automation Conf. (DAC-47)},
 year = {2010}
}

@proceedings{dac11,
 booktitle = {Proc. of the 48th Design Automation Conf. (DAC-48)},
 year = {2011}
}

@proceedings{dac12,
 booktitle = {Proc. of the 49th Design Automation Conf. (DAC-49)},
 year = {2012}
}

@proceedings{dac13,
 booktitle = {Proc. of the 50th Design Automation Conf. (DAC-50)},
 year = {2013}
}

@proceedings{dac14,
 booktitle = {Proc. of the 51st Design Automation Conf. (DAC-51)},
 year = {2014}
}

@proceedings{dac15,
 booktitle = {Proc. of the 52nd Design Automation Conf. (DAC-52)},
 year = {2015}
}

@proceedings{dac16,
 booktitle = {Proc. of the 53rd Design Automation Conf. (DAC-53)},
 year = {2016}
}

@proceedings{dac17,
 booktitle = {Proc. of the 54th Design Automation Conf. (DAC-54)},
 year = {2017}
}

@proceedings{dac18,
 booktitle = {Proc. of the 55th Design Automation Conf. (DAC-55)},
 year = {2018}
}

@proceedings{dac19,
 booktitle = {Proc. of the 56th Design Automation Conf. (DAC-56)},
 year = {2019}
}

@proceedings{dac20,
 booktitle = {Proc. of the 57th Design Automation Conf. (DAC-57)},
 year = {2020}
}

@proceedings{dac21,
 booktitle = {Proc. of the 58th Design Automation Conf. (DAC-58)},
 year = {2021}
}

@proceedings{dac22,
 booktitle = {Proc. of the 59th Design Automation Conf. (DAC-59)},
 year = {2022}
}

@proceedings{dac64,
 booktitle = {Proc. of the 1st Design Automation Conf. (DAC-1)},
 year = {1964}
}

@proceedings{dac65,
 booktitle = {Proc. of the 2nd Design Automation Conf. (DAC-2)},
 year = {1965}
}

@proceedings{dac66,
 booktitle = {Proc. of the 3rd Design Automation Conf. (DAC-3)},
 year = {1966}
}

@proceedings{dac67,
 booktitle = {Proc. of the 4th Design Automation Conf. (DAC-4)},
 year = {1967}
}

@proceedings{dac68,
 booktitle = {Proc. of the 5th Design Automation Conf. (DAC-5)},
 year = {1968}
}

@proceedings{dac69,
 booktitle = {Proc. of the 6th Design Automation Conf. (DAC-6)},
 year = {1969}
}

@proceedings{dac70,
 booktitle = {Proc. of the 7th Design Automation Conf. (DAC-7)},
 year = {1970}
}

@proceedings{dac71,
 booktitle = {Proc. of the 8th Design Automation Conf. (DAC-8)},
 year = {1971}
}

@proceedings{dac72,
 booktitle = {Proc. of the 9th Design Automation Conf. (DAC-9)},
 year = {1972}
}

@proceedings{dac73,
 booktitle = {Proc. of the 10th Design Automation Conf. (DAC-10)},
 year = {1973}
}

@proceedings{dac74,
 booktitle = {Proc. of the 11th Design Automation Conf. (DAC-11)},
 year = {1974}
}

@proceedings{dac75,
 booktitle = {Proc. of the 12th Design Automation Conf. (DAC-12)},
 year = {1975}
}

@proceedings{dac76,
 booktitle = {Proc. of the 13th Design Automation Conf. (DAC-13)},
 year = {1976}
}

@proceedings{dac77,
 booktitle = {Proc. of the 14th Design Automation Conf. (DAC-14)},
 year = {1977}
}

@proceedings{dac78,
 booktitle = {Proc. of the 15th Design Automation Conf. (DAC-15)},
 year = {1978}
}

@proceedings{dac79,
 booktitle = {Proc. of the 16th Design Automation Conf. (DAC-16)},
 year = {1979}
}

@proceedings{dac80,
 booktitle = {Proc. of the 17th Design Automation Conf. (DAC-17)},
 year = {1980}
}

@proceedings{dac81,
 booktitle = {Proc. of the 18th Design Automation Conf. (DAC-18)},
 year = {1981}
}

@proceedings{dac82,
 booktitle = {Proc. of the 19th Design Automation Conf. (DAC-19)},
 year = {1982}
}

@proceedings{dac83,
 booktitle = {Proc. of the 20th Design Automation Conf. (DAC-20)},
 year = {1983}
}

@proceedings{dac84,
 booktitle = {Proc. of the 21st Design Automation Conf. (DAC-21)},
 year = {1984}
}

@proceedings{dac85,
 booktitle = {Proc. of the 22nd Design Automation Conf. (DAC-22)},
 year = {1985}
}

@proceedings{dac86,
 booktitle = {Proc. of the 23rd Design Automation Conf. (DAC-23)},
 year = {1986}
}

@proceedings{dac87,
 booktitle = {Proc. of the 24th Design Automation Conf. (DAC-24)},
 year = {1987}
}

@proceedings{dac88,
 booktitle = {Proc. of the 25th Design Automation Conf. (DAC-25)},
 year = {1988}
}

@proceedings{dac89,
 booktitle = {Proc. of the 26th Design Automation Conf. (DAC-26)},
 year = {1989}
}

@proceedings{dac90,
 booktitle = {Proc. of the 27th Design Automation Conf. (DAC-27)},
 year = {1990}
}

@proceedings{dac91,
 booktitle = {Proc. of the 28th Design Automation Conf. (DAC-28)},
 year = {1991}
}

@proceedings{dac92,
 booktitle = {Proc. of the 29th Design Automation Conf. (DAC-29)},
 year = {1992}
}

@proceedings{dac93,
 booktitle = {Proc. of the 30th Design Automation Conf. (DAC-30)},
 year = {1993}
}

@proceedings{dac94,
 booktitle = {Proc. of the 31st Design Automation Conf. (DAC-31)},
 year = {1994}
}

@proceedings{dac95,
 booktitle = {Proc. of the 32nd Design Automation Conf. (DAC-32)},
 year = {1995}
}

@proceedings{dac96,
 booktitle = {Proc. of the 33rd Design Automation Conf. (DAC-33)},
 year = {1996}
}

@proceedings{dac97,
 booktitle = {Proc. of the 34th Design Automation Conf. (DAC-34)},
 year = {1997}
}

@proceedings{dac98,
 booktitle = {Proc. of the 35th Design Automation Conf. (DAC-35)},
 year = {1998}
}

@proceedings{dac99,
 booktitle = {Proc. of the 36th Design Automation Conf. (DAC-36)},
 year = {1999}
}

@proceedings{date00,
 booktitle = {Proc. of the Design, Automation and Test in Europe (DATE)},
 year = {2000}
}

@proceedings{date01,
 booktitle = {Proc. of the Design, Automation and Test in Europe (DATE)},
 year = {2001}
}

@proceedings{date02,
 booktitle = {Proc. of the Design, Automation and Test in Europe (DATE)},
 year = {2002}
}

@proceedings{date03,
 booktitle = {Proc. of the Design, Automation and Test in Europe (DATE)},
 year = {2003}
}

@proceedings{date04,
 booktitle = {Proc. of the Design, Automation and Test in Europe (DATE)},
 year = {2004}
}

@proceedings{date05,
 booktitle = {Proc. of the Design, Automation and Test in Europe (DATE)},
 year = {2005}
}

@proceedings{date06,
 booktitle = {Proc. of the Design, Automation and Test in Europe (DATE)},
 year = {2006}
}

@proceedings{date07,
 booktitle = {Proc. of the Design, Automation and Test in Europe (DATE)},
 year = {2007}
}

@proceedings{date08,
 booktitle = {Proc. of the Design, Automation and Test in Europe (DATE)},
 year = {2008}
}

@proceedings{date09,
 booktitle = {Proc. of the Design, Automation and Test in Europe (DATE)},
 year = {2009}
}

@proceedings{date10,
 booktitle = {Proc. of the Design, Automation and Test in Europe (DATE)},
 year = {2010}
}

@proceedings{date11,
 booktitle = {Proc. of the Design, Automation and Test in Europe (DATE)},
 year = {2011}
}

@proceedings{date12,
 booktitle = {Proc. of the Design, Automation and Test in Europe (DATE)},
 year = {2012}
}

@proceedings{date13,
 booktitle = {Proc. of the Design, Automation and Test in Europe (DATE)},
 year = {2013}
}

@proceedings{date14,
 booktitle = {Proc. of the Design, Automation and Test in Europe (DATE)},
 year = {2014}
}

@proceedings{date15,
 booktitle = {Proc. of the Design, Automation and Test in Europe (DATE)},
 year = {2015}
}

@proceedings{date16,
 booktitle = {Proc. of the Design, Automation and Test in Europe (DATE)},
 year = {2016}
}

@proceedings{date17,
 booktitle = {Proc. of the Design, Automation and Test in Europe (DATE)},
 year = {2017}
}

@proceedings{date18,
 booktitle = {Proc. of the Design, Automation and Test in Europe (DATE)},
 year = {2018}
}

@proceedings{date19,
 booktitle = {Proc. of the Design, Automation and Test in Europe (DATE)},
 year = {2019}
}

@proceedings{date20,
 booktitle = {Proc. of the Design, Automation and Test in Europe (DATE)},
 year = {2020}
}

@proceedings{date21,
 booktitle = {Proc. of the Design, Automation and Test in Europe (DATE)},
 year = {2021}
}

@proceedings{date22,
 booktitle = {Proc. of the Design, Automation and Test in Europe (DATE)},
 year = {2022}
}

@proceedings{date98,
 booktitle = {Proc. of the Design, Automation and Test in Europe (DATE)},
 year = {1998}
}

@proceedings{date99,
 booktitle = {Proc. of the Design, Automation and Test in Europe (DATE)},
 year = {1999}
}

@proceedings{eurosys06,
 booktitle = {Proc. of the EuroSys Conf. (EuroSys)},
 year = {2006}
}

@proceedings{eurosys07,
 booktitle = {Proc. of the EuroSys Conf. (EuroSys)},
 year = {2007}
}

@proceedings{eurosys08,
 booktitle = {Proc. of the EuroSys Conf. (EuroSys)},
 year = {2008}
}

@proceedings{eurosys09,
 booktitle = {Proc. of the EuroSys Conf. (EuroSys)},
 year = {2009}
}

@proceedings{eurosys10,
 booktitle = {Proc. of the EuroSys Conf. (EuroSys)},
 year = {2010}
}

@proceedings{eurosys11,
 booktitle = {Proc. of the EuroSys Conf. (EuroSys)},
 year = {2011}
}

@proceedings{eurosys12,
 booktitle = {Proc. of the EuroSys Conf. (EuroSys)},
 year = {2012}
}

@proceedings{eurosys13,
 booktitle = {Proc. of the EuroSys Conf. (EuroSys)},
 year = {2013}
}

@proceedings{eurosys14,
 booktitle = {Proc. of the EuroSys Conf. (EuroSys)},
 year = {2014}
}

@proceedings{eurosys15,
 booktitle = {Proc. of the EuroSys Conf. (EuroSys)},
 year = {2015}
}

@proceedings{eurosys16,
 booktitle = {Proc. of the EuroSys Conf. (EuroSys)},
 year = {2016}
}

@proceedings{eurosys17,
 booktitle = {Proc. of the EuroSys Conf. (EuroSys)},
 year = {2017}
}

@proceedings{eurosys18,
 booktitle = {Proc. of the EuroSys Conf. (EuroSys)},
 year = {2018}
}

@proceedings{eurosys19,
 booktitle = {Proc. of the EuroSys Conf. (EuroSys)},
 year = {2019}
}

@proceedings{eurosys20,
 booktitle = {Proc. of the EuroSys Conf. (EuroSys)},
 year = {2020}
}

@proceedings{eurosys21,
 booktitle = {Proc. of the EuroSys Conf. (EuroSys)},
 year = {2021}
}

@proceedings{eurosys22,
 booktitle = {Proc. of the EuroSys Conf. (EuroSys)},
 year = {2022}
}

@proceedings{fast02,
 booktitle = {Proc. of the 1st USENIX Conf. on File and Storage Technologies (FAST)},
 year = {2002}
}

@proceedings{fast03,
 booktitle = {Proc. of the 2nd USENIX Conf. on File and Storage Technologies (FAST)},
 year = {2003}
}

@proceedings{fast04,
 booktitle = {Proc. of the 3rd USENIX Conf. on File and Storage Technologies (FAST)},
 year = {2004}
}

@proceedings{fast05,
 booktitle = {Proc. of the 4th USENIX Conf. on File and Storage Technologies (FAST)},
 year = {2005}
}

@proceedings{fast07,
 booktitle = {Proc. of the 5th USENIX Conf. on File and Storage Technologies (FAST)},
 year = {2007}
}

@proceedings{fast08,
 booktitle = {Proc. of the 6th USENIX Conf. on File and Storage Technologies (FAST)},
 year = {2008}
}

@proceedings{fast09,
 booktitle = {Proc. of the 7th USENIX Conf. on File and Storage Technologies (FAST)},
 year = {2009}
}

@proceedings{fast10,
 booktitle = {Proc. of the 8th USENIX Conf. on File and Storage Technologies (FAST)},
 year = {2010}
}

@proceedings{fast11,
 booktitle = {Proc. of the 9th USENIX Conf. on File and Storage Technologies (FAST)},
 year = {2011}
}

@proceedings{fast12,
 booktitle = {Proc. of the 10th USENIX Conf. on File and Storage Technologies (FAST)},
 year = {2012}
}

@proceedings{fast13,
 booktitle = {Proc. of the 11th USENIX Conf. on File and Storage Technologies (FAST)},
 year = {2013}
}

@proceedings{fast14,
 booktitle = {Proc. of the 12th USENIX Conf. on File and Storage Technologies (FAST)},
 year = {2014}
}

@proceedings{fast15,
 booktitle = {Proc. of the 13th USENIX Conf. on File and Storage Technologies (FAST)},
 year = {2015}
}

@proceedings{fast16,
 booktitle = {Proc. of the 14th USENIX Conf. on File and Storage Technologies (FAST)},
 year = {2016}
}

@proceedings{fast17,
 booktitle = {Proc. of the 15th USENIX Conf. on File and Storage Technologies (FAST)},
 year = {2017}
}

@proceedings{fast18,
 booktitle = {Proc. of the 16th USENIX Conf. on File and Storage Technologies (FAST)},
 year = {2018}
}

@proceedings{fast19,
 booktitle = {Proc. of the 17th USENIX Conf. on File and Storage Technologies (FAST)},
 year = {2019}
}

@proceedings{fast20,
 booktitle = {Proc. of the 18th USENIX Conf. on File and Storage Technologies (FAST)},
 year = {2020}
}

@proceedings{fast21,
 booktitle = {Proc. of the 19th USENIX Conf. on File and Storage Technologies (FAST)},
 year = {2021}
}

@proceedings{fast22,
 booktitle = {Proc. of the 20th USENIX Conf. on File and Storage Technologies (FAST)},
 year = {2022}
}

@proceedings{fccm00,
 booktitle = {Proc. of the 8th IEEE Annual Intl. Symp. on Field-Programmable Custom Computing Machines (FCCM-8)},
 year = {2000}
}

@proceedings{fccm01,
 booktitle = {Proc. of the 9th IEEE Annual Intl. Symp. on Field-Programmable Custom Computing Machines (FCCM-9)},
 year = {2001}
}

@proceedings{fccm02,
 booktitle = {Proc. of the 10th IEEE Annual Intl. Symp. on Field-Programmable Custom Computing Machines (FCCM-10)},
 year = {2002}
}

@proceedings{fccm03,
 booktitle = {Proc. of the 11th IEEE Annual Intl. Symp. on Field-Programmable Custom Computing Machines (FCCM-11)},
 year = {2003}
}

@proceedings{fccm04,
 booktitle = {Proc. of the 12th IEEE Annual Intl. Symp. on Field-Programmable Custom Computing Machines (FCCM-12)},
 year = {2004}
}

@proceedings{fccm05,
 booktitle = {Proc. of the 13th IEEE Annual Intl. Symp. on Field-Programmable Custom Computing Machines (FCCM-13)},
 year = {2005}
}

@proceedings{fccm06,
 booktitle = {Proc. of the 14th IEEE Annual Intl. Symp. on Field-Programmable Custom Computing Machines (FCCM-14)},
 year = {2006}
}

@proceedings{fccm07,
 booktitle = {Proc. of the 15th IEEE Annual Intl. Symp. on Field-Programmable Custom Computing Machines (FCCM-15)},
 year = {2007}
}

@proceedings{fccm08,
 booktitle = {Proc. of the 16th IEEE Annual Intl. Symp. on Field-Programmable Custom Computing Machines (FCCM-16)},
 year = {2008}
}

@proceedings{fccm09,
 booktitle = {Proc. of the 17th IEEE Annual Intl. Symp. on Field-Programmable Custom Computing Machines (FCCM-17)},
 year = {2009}
}

@proceedings{fccm10,
 booktitle = {Proc. of the 18th IEEE Annual Intl. Symp. on Field-Programmable Custom Computing Machines (FCCM-18)},
 year = {2010}
}

@proceedings{fccm11,
 booktitle = {Proc. of the 19th IEEE Annual Intl. Symp. on Field-Programmable Custom Computing Machines (FCCM-19)},
 year = {2011}
}

@proceedings{fccm12,
 booktitle = {Proc. of the 20th IEEE Annual Intl. Symp. on Field-Programmable Custom Computing Machines (FCCM-20)},
 year = {2012}
}

@proceedings{fccm13,
 booktitle = {Proc. of the 21st IEEE Annual Intl. Symp. on Field-Programmable Custom Computing Machines (FCCM-21)},
 year = {2013}
}

@proceedings{fccm14,
 booktitle = {Proc. of the 22nd IEEE Annual Intl. Symp. on Field-Programmable Custom Computing Machines (FCCM-22)},
 year = {2014}
}

@proceedings{fccm15,
 booktitle = {Proc. of the 23rd IEEE Annual Intl. Symp. on Field-Programmable Custom Computing Machines (FCCM-23)},
 year = {2015}
}

@proceedings{fccm16,
 booktitle = {Proc. of the 24th IEEE Annual Intl. Symp. on Field-Programmable Custom Computing Machines (FCCM-24)},
 year = {2016}
}

@proceedings{fccm17,
 booktitle = {Proc. of the 25th IEEE Annual Intl. Symp. on Field-Programmable Custom Computing Machines (FCCM-25)},
 year = {2017}
}

@proceedings{fccm18,
 booktitle = {Proc. of the 26th IEEE Annual Intl. Symp. on Field-Programmable Custom Computing Machines (FCCM-26)},
 year = {2018}
}

@proceedings{fccm19,
 booktitle = {Proc. of the 27th IEEE Annual Intl. Symp. on Field-Programmable Custom Computing Machines (FCCM-27)},
 year = {2019}
}

@proceedings{fccm20,
 booktitle = {Proc. of the 28th IEEE Annual Intl. Symp. on Field-Programmable Custom Computing Machines (FCCM-28)},
 year = {2020}
}

@proceedings{fccm21,
 booktitle = {Proc. of the 29th IEEE Annual Intl. Symp. on Field-Programmable Custom Computing Machines (FCCM-29)},
 year = {2021}
}

@proceedings{fccm22,
 booktitle = {Proc. of the 30th IEEE Annual Intl. Symp. on Field-Programmable Custom Computing Machines (FCCM-30)},
 year = {2022}
}

@proceedings{fccm95,
 booktitle = {Proc. of the 3rd IEEE Annual Intl. Symp. on Field-Programmable Custom Computing Machines (FCCM-3)},
 year = {1995}
}

@proceedings{fccm96,
 booktitle = {Proc. of the 4th IEEE Annual Intl. Symp. on Field-Programmable Custom Computing Machines (FCCM-4)},
 year = {1996}
}

@proceedings{fccm97,
 booktitle = {Proc. of the 5th IEEE Annual Intl. Symp. on Field-Programmable Custom Computing Machines (FCCM-5)},
 year = {1997}
}

@proceedings{fccm98,
 booktitle = {Proc. of the 6th IEEE Annual Intl. Symp. on Field-Programmable Custom Computing Machines (FCCM-6)},
 year = {1998}
}

@proceedings{fccm99,
 booktitle = {Proc. of the 7th IEEE Annual Intl. Symp. on Field-Programmable Custom Computing Machines (FCCM-7)},
 year = {1999}
}

@proceedings{fpga00,
 booktitle = {Proc. of the 2000 ACM/SIGDA Intl. Symp. on Field-Programmable Gate Arrays (FPGA-8)},
 year = {2000}
}

@proceedings{fpga01,
 booktitle = {Proc. of the 2001 ACM/SIGDA Intl. Symp. on Field-Programmable Gate Arrays (FPGA-9)},
 year = {2001}
}

@proceedings{fpga02,
 booktitle = {Proc. of the 2002 ACM/SIGDA Intl. Symp. on Field-Programmable Gate Arrays (FPGA-10)},
 year = {2002}
}

@proceedings{fpga03,
 booktitle = {Proc. of the 2003 ACM/SIGDA Intl. Symp. on Field-Programmable Gate Arrays (FPGA-11)},
 year = {2003}
}

@proceedings{fpga04,
 booktitle = {Proc. of the 2004 ACM/SIGDA Intl. Symp. on Field-Programmable Gate Arrays (FPGA-12)},
 year = {2004}
}

@proceedings{fpga05,
 booktitle = {Proc. of the 2005 ACM/SIGDA Intl. Symp. on Field-Programmable Gate Arrays (FPGA-13)},
 year = {2005}
}

@proceedings{fpga06,
 booktitle = {Proc. of the 2006 ACM/SIGDA Intl. Symp. on Field-Programmable Gate Arrays (FPGA-14)},
 year = {2006}
}

@proceedings{fpga07,
 booktitle = {Proc. of the 2007 ACM/SIGDA Intl. Symp. on Field-Programmable Gate Arrays (FPGA-15)},
 year = {2007}
}

@proceedings{fpga08,
 booktitle = {Proc. of the 2008 ACM/SIGDA Intl. Symp. on Field-Programmable Gate Arrays (FPGA-16)},
 year = {2008}
}

@proceedings{fpga09,
 booktitle = {Proc. of the 2009 ACM/SIGDA Intl. Symp. on Field-Programmable Gate Arrays (FPGA-17)},
 year = {2009}
}

@proceedings{fpga10,
 booktitle = {Proc. of the 2010 ACM/SIGDA Intl. Symp. on Field-Programmable Gate Arrays (FPGA-18)},
 year = {2010}
}

@proceedings{fpga11,
 booktitle = {Proc. of the 2011 ACM/SIGDA Intl. Symp. on Field-Programmable Gate Arrays (FPGA-19)},
 year = {2011}
}

@proceedings{fpga12,
 booktitle = {Proc. of the 2012 ACM/SIGDA Intl. Symp. on Field-Programmable Gate Arrays (FPGA-20)},
 year = {2012}
}

@proceedings{fpga13,
 booktitle = {Proc. of the 2013 ACM/SIGDA Intl. Symp. on Field-Programmable Gate Arrays (FPGA-21)},
 year = {2013}
}

@proceedings{fpga14,
 booktitle = {Proc. of the 2014 ACM/SIGDA Intl. Symp. on Field-Programmable Gate Arrays (FPGA-22)},
 year = {2014}
}

@proceedings{fpga15,
 booktitle = {Proc. of the 2015 ACM/SIGDA Intl. Symp. on Field-Programmable Gate Arrays (FPGA-23)},
 year = {2015}
}

@proceedings{fpga16,
 booktitle = {Proc. of the 2016 ACM/SIGDA Intl. Symp. on Field-Programmable Gate Arrays (FPGA-24)},
 year = {2016}
}

@proceedings{fpga17,
 booktitle = {Proc. of the 2017 ACM/SIGDA Intl. Symp. on Field-Programmable Gate Arrays (FPGA-25)},
 year = {2017}
}

@proceedings{fpga18,
 booktitle = {Proc. of the 2018 ACM/SIGDA Intl. Symp. on Field-Programmable Gate Arrays (FPGA-26)},
 year = {2018}
}

@proceedings{fpga19,
 booktitle = {Proc. of the 2019 ACM/SIGDA Intl. Symp. on Field-Programmable Gate Arrays (FPGA-27)},
 year = {2019}
}

@proceedings{fpga20,
 booktitle = {Proc. of the 2020 ACM/SIGDA Intl. Symp. on Field-Programmable Gate Arrays (FPGA-28)},
 year = {2020}
}

@proceedings{fpga21,
 booktitle = {Proc. of the 2021 ACM/SIGDA Intl. Symp. on Field-Programmable Gate Arrays (FPGA-29)},
 year = {2021}
}

@proceedings{fpga22,
 booktitle = {Proc. of the 2022 ACM/SIGDA Intl. Symp. on Field-Programmable Gate Arrays (FPGA-30)},
 year = {2022}
}

@proceedings{fpga95,
 booktitle = {Proc. of the 1995 ACM/SIGDA Intl. Symp. on Field-Programmable Gate Arrays (FPGA-3)},
 year = {1995}
}

@proceedings{fpga96,
 booktitle = {Proc. of the 1996 ACM/SIGDA Intl. Symp. on Field-Programmable Gate Arrays (FPGA-4)},
 year = {1996}
}

@proceedings{fpga97,
 booktitle = {Proc. of the 1997 ACM/SIGDA Intl. Symp. on Field-Programmable Gate Arrays (FPGA-5)},
 year = {1997}
}

@proceedings{fpga98,
 booktitle = {Proc. of the 1998 ACM/SIGDA Intl. Symp. on Field-Programmable Gate Arrays (FPGA-6)},
 year = {1998}
}

@proceedings{fpga99,
 booktitle = {Proc. of the 1999 ACM/SIGDA Intl. Symp. on Field-Programmable Gate Arrays (FPGA-7)},
 year = {1999}
}

@proceedings{hipeac05,
 booktitle = {Proc. of the 1st intl. conf. on High Performance Embedded Architectures and Compilers (HiPEAC)},
 year = {2005}
}

@proceedings{hipeac07,
 booktitle = {Proc. of the 2nd intl. conf. on High Performance Embedded Architectures and Compilers (HiPEAC)},
 year = {2007}
}

@proceedings{hipeac08,
 booktitle = {Proc. of the 3rd intl. conf. on High Performance Embedded Architectures and Compilers (HiPEAC)},
 year = {2008}
}

@proceedings{hipeac09,
 booktitle = {Proc. of the 4th intl. conf. on High Performance Embedded Architectures and Compilers (HiPEAC)},
 year = {2009}
}

@proceedings{hipeac10,
 booktitle = {Proc. of the 5th intl. conf. on High Performance Embedded Architectures and Compilers (HiPEAC)},
 year = {2010}
}

@proceedings{hipeac11,
 booktitle = {Proc. of the 6th intl. conf. on High Performance Embedded Architectures and Compilers (HiPEAC)},
 year = {2011}
}

@proceedings{hipeac12,
 booktitle = {Proc. of the 7th intl. conf. on High Performance Embedded Architectures and Compilers (HiPEAC)},
 year = {2012}
}

@proceedings{hipeac13,
 booktitle = {Proc. of the 8th intl. conf. on High Performance Embedded Architectures and Compilers (HiPEAC)},
 year = {2013}
}

@proceedings{hipeac14,
 booktitle = {Proc. of the 9th intl. conf. on High Performance Embedded Architectures and Compilers (HiPEAC)},
 year = {2014}
}

@proceedings{hipeac15,
 booktitle = {Proc. of the 10th intl. conf. on High Performance Embedded Architectures and Compilers (HiPEAC)},
 year = {2015}
}

@proceedings{hipeac16,
 booktitle = {Proc. of the 11th intl. conf. on High Performance Embedded Architectures and Compilers (HiPEAC)},
 year = {2016}
}

@proceedings{hipeac17,
 booktitle = {Proc. of the 12th intl. conf. on High Performance Embedded Architectures and Compilers (HiPEAC)},
 year = {2017}
}

@proceedings{hipeac18,
 booktitle = {Proc. of the 13th intl. conf. on High Performance Embedded Architectures and Compilers (HiPEAC)},
 year = {2018}
}

@proceedings{hipeac19,
 booktitle = {Proc. of the 14th intl. conf. on High Performance Embedded Architectures and Compilers (HiPEAC)},
 year = {2019}
}

@proceedings{hipeac20,
 booktitle = {Proc. of the 15th intl. conf. on High Performance Embedded Architectures and Compilers (HiPEAC)},
 year = {2020}
}

@proceedings{hipeac21,
 booktitle = {Proc. of the 16th intl. conf. on High Performance Embedded Architectures and Compilers (HiPEAC)},
 year = {2021}
}

@proceedings{hipeac22,
 booktitle = {Proc. of the 17th intl. conf. on High Performance Embedded Architectures and Compilers (HiPEAC)},
 year = {2022}
}

@proceedings{hpca00,
 booktitle = {Proc. of the 6th IEEE intl. symp. on High Performance Computer Architecture (HPCA-6)},
 year = {2000}
}

@proceedings{hpca01,
 booktitle = {Proc. of the 7th IEEE intl. symp. on High Performance Computer Architecture (HPCA-7)},
 year = {2001}
}

@proceedings{hpca02,
 booktitle = {Proc. of the 8th IEEE intl. symp. on High Performance Computer Architecture (HPCA-8)},
 year = {2002}
}

@proceedings{hpca03,
 booktitle = {Proc. of the 9th IEEE intl. symp. on High Performance Computer Architecture (HPCA-9)},
 year = {2003}
}

@proceedings{hpca04,
 booktitle = {Proc. of the 10th IEEE intl. symp. on High Performance Computer Architecture (HPCA-10)},
 year = {2004}
}

@proceedings{hpca05,
 booktitle = {Proc. of the 11th IEEE intl. symp. on High Performance Computer Architecture (HPCA-11)},
 year = {2005}
}

@proceedings{hpca06,
 booktitle = {Proc. of the 12th IEEE intl. symp. on High Performance Computer Architecture (HPCA-12)},
 year = {2006}
}

@proceedings{hpca07,
 booktitle = {Proc. of the 13th IEEE intl. symp. on High Performance Computer Architecture (HPCA-13)},
 year = {2007}
}

@proceedings{hpca08,
 booktitle = {Proc. of the 14th IEEE intl. symp. on High Performance Computer Architecture (HPCA-14)},
 year = {2008}
}

@proceedings{hpca09,
 booktitle = {Proc. of the 15th IEEE intl. symp. on High Performance Computer Architecture (HPCA-15)},
 year = {2009}
}

@proceedings{hpca10,
 booktitle = {Proc. of the 16th IEEE intl. symp. on High Performance Computer Architecture (HPCA-16)},
 year = {2010}
}

@proceedings{hpca11,
 booktitle = {Proc. of the 17th IEEE intl. symp. on High Performance Computer Architecture (HPCA-17)},
 year = {2011}
}

@proceedings{hpca12,
 booktitle = {Proc. of the 18th IEEE intl. symp. on High Performance Computer Architecture (HPCA-18)},
 year = {2012}
}

@proceedings{hpca13,
 booktitle = {Proc. of the 19th IEEE intl. symp. on High Performance Computer Architecture (HPCA-19)},
 year = {2013}
}

@proceedings{hpca14,
 booktitle = {Proc. of the 20th IEEE intl. symp. on High Performance Computer Architecture (HPCA-20)},
 year = {2014}
}

@proceedings{hpca15,
 booktitle = {Proc. of the 21st IEEE intl. symp. on High Performance Computer Architecture (HPCA-21)},
 year = {2015}
}

@proceedings{hpca16,
 booktitle = {Proc. of the 22nd IEEE intl. symp. on High Performance Computer Architecture (HPCA-22)},
 year = {2016}
}

@proceedings{hpca17,
 booktitle = {Proc. of the 23rd IEEE intl. symp. on High Performance Computer Architecture (HPCA-23)},
 year = {2017}
}

@proceedings{hpca18,
 booktitle = {Proc. of the 24th IEEE intl. symp. on High Performance Computer Architecture (HPCA-24)},
 year = {2018}
}

@proceedings{hpca19,
 booktitle = {Proc. of the 25th IEEE intl. symp. on High Performance Computer Architecture (HPCA-25)},
 year = {2019}
}

@proceedings{hpca20,
 booktitle = {Proc. of the 26th IEEE intl. symp. on High Performance Computer Architecture (HPCA-26)},
 year = {2020}
}

@proceedings{hpca21,
 booktitle = {Proc. of the 27th IEEE intl. symp. on High Performance Computer Architecture (HPCA-27)},
 year = {2021}
}

@proceedings{hpca22,
 booktitle = {Proc. of the 28th IEEE intl. symp. on High Performance Computer Architecture (HPCA-28)},
 year = {2022}
}

@proceedings{hpca95,
 booktitle = {Proc. of the 1st IEEE intl. symp. on High Performance Computer Architecture (HPCA-1)},
 year = {1995}
}

@proceedings{hpca96,
 booktitle = {Proc. of the 2nd IEEE intl. symp. on High Performance Computer Architecture (HPCA-2)},
 year = {1996}
}

@proceedings{hpca97,
 booktitle = {Proc. of the 3rd IEEE intl. symp. on High Performance Computer Architecture (HPCA-3)},
 year = {1997}
}

@proceedings{hpca98,
 booktitle = {Proc. of the 4th IEEE intl. symp. on High Performance Computer Architecture (HPCA-4)},
 year = {1998}
}

@proceedings{hpca99,
 booktitle = {Proc. of the 5th IEEE intl. symp. on High Performance Computer Architecture (HPCA-5)},
 year = {1999}
}

@proceedings{iccd00,
 booktitle = {Proc. of the 18th Intl. Conf. on Computer Design (ICCD)},
 year = {2000}
}

@proceedings{iccd01,
 booktitle = {Proc. of the 19th Intl. Conf. on Computer Design (ICCD)},
 year = {2001}
}

@proceedings{iccd02,
 booktitle = {Proc. of the 20th Intl. Conf. on Computer Design (ICCD)},
 year = {2002}
}

@proceedings{iccd03,
 booktitle = {Proc. of the 21st Intl. Conf. on Computer Design (ICCD)},
 year = {2003}
}

@proceedings{iccd04,
 booktitle = {Proc. of the 22nd Intl. Conf. on Computer Design (ICCD)},
 year = {2004}
}

@proceedings{iccd05,
 booktitle = {Proc. of the 23rd Intl. Conf. on Computer Design (ICCD)},
 year = {2005}
}

@proceedings{iccd06,
 booktitle = {Proc. of the 24th Intl. Conf. on Computer Design (ICCD)},
 year = {2006}
}

@proceedings{iccd07,
 booktitle = {Proc. of the 25th Intl. Conf. on Computer Design (ICCD)},
 year = {2007}
}

@proceedings{iccd08,
 booktitle = {Proc. of the 26th Intl. Conf. on Computer Design (ICCD)},
 year = {2008}
}

@proceedings{iccd09,
 booktitle = {Proc. of the 27th Intl. Conf. on Computer Design (ICCD)},
 year = {2009}
}

@proceedings{iccd10,
 booktitle = {Proc. of the 28th Intl. Conf. on Computer Design (ICCD)},
 year = {2010}
}

@proceedings{iccd11,
 booktitle = {Proc. of the 29th Intl. Conf. on Computer Design (ICCD)},
 year = {2011}
}

@proceedings{iccd12,
 booktitle = {Proc. of the 30th Intl. Conf. on Computer Design (ICCD)},
 year = {2012}
}

@proceedings{iccd13,
 booktitle = {Proc. of the 31st Intl. Conf. on Computer Design (ICCD)},
 year = {2013}
}

@proceedings{iccd14,
 booktitle = {Proc. of the 32nd Intl. Conf. on Computer Design (ICCD)},
 year = {2014}
}

@proceedings{iccd15,
 booktitle = {Proc. of the 33rd Intl. Conf. on Computer Design (ICCD)},
 year = {2015}
}

@proceedings{iccd16,
 booktitle = {Proc. of the 34th Intl. Conf. on Computer Design (ICCD)},
 year = {2016}
}

@proceedings{iccd17,
 booktitle = {Proc. of the 35th Intl. Conf. on Computer Design (ICCD)},
 year = {2017}
}

@proceedings{iccd18,
 booktitle = {Proc. of the 36th Intl. Conf. on Computer Design (ICCD)},
 year = {2018}
}

@proceedings{iccd19,
 booktitle = {Proc. of the 37th Intl. Conf. on Computer Design (ICCD)},
 year = {2019}
}

@proceedings{iccd20,
 booktitle = {Proc. of the 38th Intl. Conf. on Computer Design (ICCD)},
 year = {2020}
}

@proceedings{iccd21,
 booktitle = {Proc. of the 39th Intl. Conf. on Computer Design (ICCD)},
 year = {2021}
}

@proceedings{iccd22,
 booktitle = {Proc. of the 40th Intl. Conf. on Computer Design (ICCD)},
 year = {2022}
}

@proceedings{iccd83,
 booktitle = {Proc. of the 1st Intl. Conf. on Computer Design (ICCD)},
 year = {1983}
}

@proceedings{iccd84,
 booktitle = {Proc. of the 2nd Intl. Conf. on Computer Design (ICCD)},
 year = {1984}
}

@proceedings{iccd85,
 booktitle = {Proc. of the 3rd Intl. Conf. on Computer Design (ICCD)},
 year = {1985}
}

@proceedings{iccd86,
 booktitle = {Proc. of the 4th Intl. Conf. on Computer Design (ICCD)},
 year = {1986}
}

@proceedings{iccd87,
 booktitle = {Proc. of the 5th Intl. Conf. on Computer Design (ICCD)},
 year = {1987}
}

@proceedings{iccd88,
 booktitle = {Proc. of the 6th Intl. Conf. on Computer Design (ICCD)},
 year = {1988}
}

@proceedings{iccd89,
 booktitle = {Proc. of the 7th Intl. Conf. on Computer Design (ICCD)},
 year = {1989}
}

@proceedings{iccd90,
 booktitle = {Proc. of the 8th Intl. Conf. on Computer Design (ICCD)},
 year = {1990}
}

@proceedings{iccd91,
 booktitle = {Proc. of the 9th Intl. Conf. on Computer Design (ICCD)},
 year = {1991}
}

@proceedings{iccd92,
 booktitle = {Proc. of the 10th Intl. Conf. on Computer Design (ICCD)},
 year = {1992}
}

@proceedings{iccd93,
 booktitle = {Proc. of the 11th Intl. Conf. on Computer Design (ICCD)},
 year = {1993}
}

@proceedings{iccd94,
 booktitle = {Proc. of the 12th Intl. Conf. on Computer Design (ICCD)},
 year = {1994}
}

@proceedings{iccd95,
 booktitle = {Proc. of the 13th Intl. Conf. on Computer Design (ICCD)},
 year = {1995}
}

@proceedings{iccd96,
 booktitle = {Proc. of the 14th Intl. Conf. on Computer Design (ICCD)},
 year = {1996}
}

@proceedings{iccd97,
 booktitle = {Proc. of the 15th Intl. Conf. on Computer Design (ICCD)},
 year = {1997}
}

@proceedings{iccd98,
 booktitle = {Proc. of the 16th Intl. Conf. on Computer Design (ICCD)},
 year = {1998}
}

@proceedings{iccd99,
 booktitle = {Proc. of the 17th Intl. Conf. on Computer Design (ICCD)},
 year = {1999}
}

@proceedings{ics00,
 booktitle = {Proc. of the Intl. Conf. on Supercomputing (ICS'00)},
 year = {2000}
}

@proceedings{ics01,
 booktitle = {Proc. of the Intl. Conf. on Supercomputing (ICS'01)},
 year = {2001}
}

@proceedings{ics02,
 booktitle = {Proc. of the Intl. Conf. on Supercomputing (ICS'02)},
 year = {2002}
}

@proceedings{ics03,
 booktitle = {Proc. of the Intl. Conf. on Supercomputing (ICS'03)},
 year = {2003}
}

@proceedings{ics04,
 booktitle = {Proc. of the Intl. Conf. on Supercomputing (ICS'04)},
 year = {2004}
}

@proceedings{ics05,
 booktitle = {Proc. of the Intl. Conf. on Supercomputing (ICS'05)},
 year = {2005}
}

@proceedings{ics06,
 booktitle = {Proc. of the Intl. Conf. on Supercomputing (ICS'06)},
 year = {2006}
}

@proceedings{ics07,
 booktitle = {Proc. of the Intl. Conf. on Supercomputing (ICS'07)},
 year = {2007}
}

@proceedings{ics08,
 booktitle = {Proc. of the Intl. Conf. on Supercomputing (ICS'08)},
 year = {2008}
}

@proceedings{ics09,
 booktitle = {Proc. of the Intl. Conf. on Supercomputing (ICS'09)},
 year = {2009}
}

@proceedings{ics10,
 booktitle = {Proc. of the Intl. Conf. on Supercomputing (ICS'10)},
 year = {2010}
}

@proceedings{ics11,
 booktitle = {Proc. of the Intl. Conf. on Supercomputing (ICS'11)},
 year = {2011}
}

@proceedings{ics12,
 booktitle = {Proc. of the Intl. Conf. on Supercomputing (ICS'12)},
 year = {2012}
}

@proceedings{ics13,
 booktitle = {Proc. of the Intl. Conf. on Supercomputing (ICS'13)},
 year = {2013}
}

@proceedings{ics14,
 booktitle = {Proc. of the Intl. Conf. on Supercomputing (ICS'14)},
 year = {2014}
}

@proceedings{ics15,
 booktitle = {Proc. of the Intl. Conf. on Supercomputing (ICS)},
 year = {2015}
}

@proceedings{ics16,
 booktitle = {Proc. of the Intl. Conf. on Supercomputing (ICS)},
 year = {2016}
}

@proceedings{ics17,
 booktitle = {Proc. of the Intl. Conf. on Supercomputing (ICS'17)},
 year = {2017}
}

@proceedings{ics18,
 booktitle = {Proc. of the Intl. Conf. on Supercomputing (ICS'18)},
 year = {2018}
}

@proceedings{ics19,
 booktitle = {Proc. of the Intl. Conf. on Supercomputing (ICS'19)},
 year = {2019}
}

@proceedings{ics20,
 booktitle = {Proc. of the Intl. Conf. on Supercomputing (ICS'20)},
 year = {2020}
}

@proceedings{ics21,
 booktitle = {Proc. of the Intl. Conf. on Supercomputing (ICS'21)},
 year = {2021}
}

@proceedings{ics22,
 booktitle = {Proc. of the Intl. Conf. on Supercomputing (ICS'22)},
 year = {2022}
}

@proceedings{ics87,
 booktitle = {Proc. of the Intl. Conf. on Supercomputing (ICS'87)},
 year = {1987}
}

@proceedings{ics88,
 booktitle = {Proc. of the Intl. Conf. on Supercomputing (ICS'88)},
 year = {1988}
}

@proceedings{ics89,
 booktitle = {Proc. of the Intl. Conf. on Supercomputing (ICS'89)},
 year = {1989}
}

@proceedings{ics90,
 booktitle = {Proc. of the Intl. Conf. on Supercomputing (ICS'90)},
 year = {1990}
}

@proceedings{ics91,
 booktitle = {Proc. of the Intl. Conf. on Supercomputing (ICS'91)},
 year = {1991}
}

@proceedings{ics92,
 booktitle = {Proc. of the Intl. Conf. on Supercomputing (ICS'92)},
 year = {1992}
}

@proceedings{ics93,
 booktitle = {Proc. of the Intl. Conf. on Supercomputing (ICS'93)},
 year = {1993}
}

@proceedings{ics94,
 booktitle = {Proc. of the Intl. Conf. on Supercomputing (ICS'94)},
 year = {1994}
}

@proceedings{ics95,
 booktitle = {Proc. of the Intl. Conf. on Supercomputing (ICS'95)},
 year = {1995}
}

@proceedings{ics96,
 booktitle = {Proc. of the Intl. Conf. on Supercomputing (ICS'96)},
 year = {1996}
}

@proceedings{ics97,
 booktitle = {Proc. of the Intl. Conf. on Supercomputing (ICS'97)},
 year = {1997}
}

@proceedings{ics98,
 booktitle = {Proc. of the Intl. Conf. on Supercomputing (ICS'98)},
 year = {1998}
}

@proceedings{ics99,
 booktitle = {Proc. of the Intl. Conf. on Supercomputing (ICS'99)},
 year = {1999}
}

@proceedings{iiswc05,
 booktitle = {Proc. of the IEEE Intl. Symp. on Workload Characterization (IISWC)},
 year = {2005}
}

@proceedings{iiswc06,
 booktitle = {Proc. of the IEEE Intl. Symp. on Workload Characterization (IISWC)},
 year = {2006}
}

@proceedings{iiswc07,
 booktitle = {Proc. of the IEEE Intl. Symp. on Workload Characterization (IISWC)},
 year = {2007}
}

@proceedings{iiswc08,
 booktitle = {Proc. of the IEEE Intl. Symp. on Workload Characterization (IISWC)},
 year = {2008}
}

@proceedings{iiswc09,
 booktitle = {Proc. of the IEEE Intl. Symp. on Workload Characterization (IISWC)},
 year = {2009}
}

@proceedings{iiswc10,
 booktitle = {Proc. of the IEEE Intl. Symp. on Workload Characterization (IISWC)},
 year = {2010}
}

@proceedings{iiswc11,
 booktitle = {Proc. of the IEEE Intl. Symp. on Workload Characterization (IISWC)},
 year = {2011}
}

@proceedings{iiswc12,
 booktitle = {Proc. of the IEEE Intl. Symp. on Workload Characterization (IISWC)},
 year = {2012}
}

@proceedings{iiswc13,
 booktitle = {Proc. of the IEEE Intl. Symp. on Workload Characterization (IISWC)},
 year = {2013}
}

@proceedings{iiswc14,
 booktitle = {Proc. of the IEEE Intl. Symp. on Workload Characterization (IISWC)},
 year = {2014}
}

@proceedings{iiswc15,
 booktitle = {Proc. of the IEEE Intl. Symp. on Workload Characterization (IISWC)},
 year = {2015}
}

@proceedings{iiswc16,
 booktitle = {Proc. of the IEEE Intl. Symp. on Workload Characterization (IISWC)},
 year = {2016}
}

@proceedings{iiswc17,
 booktitle = {Proc. of the IEEE Intl. Symp. on Workload Characterization (IISWC)},
 year = {2017}
}

@proceedings{iiswc18,
 booktitle = {Proc. of the IEEE Intl. Symp. on Workload Characterization (IISWC)},
 year = {2018}
}

@proceedings{iiswc19,
 booktitle = {Proc. of the IEEE Intl. Symp. on Workload Characterization (IISWC)},
 year = {2019}
}

@proceedings{iiswc20,
 booktitle = {Proc. of the IEEE Intl. Symp. on Workload Characterization (IISWC)},
 year = {2020}
}

@proceedings{iiswc21,
 booktitle = {Proc. of the IEEE Intl. Symp. on Workload Characterization (IISWC)},
 year = {2021}
}

@proceedings{iiswc22,
 booktitle = {Proc. of the IEEE Intl. Symp. on Workload Characterization (IISWC)},
 year = {2022}
}

@proceedings{ipdps00,
 booktitle = {Proc. of the 14th IEEE Intl. Parallel and Distributed Processing Symp. (IPDPS)},
 year = {2000}
}

@proceedings{ipdps01,
 booktitle = {Proc. of the 15th IEEE Intl. Parallel and Distributed Processing Symp. (IPDPS)},
 year = {2001}
}

@proceedings{ipdps02,
 booktitle = {Proc. of the 16th IEEE Intl. Parallel and Distributed Processing Symp. (IPDPS)},
 year = {2002}
}

@proceedings{ipdps03,
 booktitle = {Proc. of the 17th IEEE Intl. Parallel and Distributed Processing Symp. (IPDPS)},
 year = {2003}
}

@proceedings{ipdps04,
 booktitle = {Proc. of the 18th IEEE Intl. Parallel and Distributed Processing Symp. (IPDPS)},
 year = {2004}
}

@proceedings{ipdps05,
 booktitle = {Proc. of the 19th IEEE Intl. Parallel and Distributed Processing Symp. (IPDPS)},
 year = {2005}
}

@proceedings{ipdps06,
 booktitle = {Proc. of the 20th IEEE Intl. Parallel and Distributed Processing Symp. (IPDPS)},
 year = {2006}
}

@proceedings{ipdps07,
 booktitle = {Proc. of the 21st IEEE Intl. Parallel and Distributed Processing Symp. (IPDPS)},
 year = {2007}
}

@proceedings{ipdps08,
 booktitle = {Proc. of the 22nd IEEE Intl. Parallel and Distributed Processing Symp. (IPDPS)},
 year = {2008}
}

@proceedings{ipdps09,
 booktitle = {Proc. of the 23rd IEEE Intl. Parallel and Distributed Processing Symp. (IPDPS)},
 year = {2009}
}

@proceedings{ipdps10,
 booktitle = {Proc. of the 24th IEEE Intl. Parallel and Distributed Processing Symp. (IPDPS)},
 year = {2010}
}

@proceedings{ipdps11,
 booktitle = {Proc. of the 25th IEEE Intl. Parallel and Distributed Processing Symp. (IPDPS)},
 year = {2011}
}

@proceedings{ipdps12,
 booktitle = {Proc. of the 26th IEEE Intl. Parallel and Distributed Processing Symp. (IPDPS)},
 year = {2012}
}

@proceedings{ipdps13,
 booktitle = {Proc. of the 27th IEEE Intl. Parallel and Distributed Processing Symp. (IPDPS)},
 year = {2013}
}

@proceedings{ipdps14,
 booktitle = {Proc. of the 28th IEEE Intl. Parallel and Distributed Processing Symp. (IPDPS)},
 year = {2014}
}

@proceedings{ipdps15,
 booktitle = {Proc. of the 29th IEEE Intl. Parallel and Distributed Processing Symp. (IPDPS)},
 year = {2015}
}

@proceedings{ipdps16,
 booktitle = {Proc. of the 30th IEEE Intl. Parallel and Distributed Processing Symp. (IPDPS)},
 year = {2016}
}

@proceedings{ipdps17,
 booktitle = {Proc. of the 31st IEEE Intl. Parallel and Distributed Processing Symp. (IPDPS)},
 year = {2017}
}

@proceedings{ipdps18,
 booktitle = {Proc. of the 32nd IEEE Intl. Parallel and Distributed Processing Symp. (IPDPS)},
 year = {2018}
}

@proceedings{ipdps19,
 booktitle = {Proc. of the 33rd IEEE Intl. Parallel and Distributed Processing Symp. (IPDPS)},
 year = {2019}
}

@proceedings{ipdps20,
 booktitle = {Proc. of the 34th IEEE Intl. Parallel and Distributed Processing Symp. (IPDPS)},
 year = {2020}
}

@proceedings{ipdps21,
 booktitle = {Proc. of the 35th IEEE Intl. Parallel and Distributed Processing Symp. (IPDPS)},
 year = {2021}
}

@proceedings{ipdps22,
 booktitle = {Proc. of the 36th IEEE Intl. Parallel and Distributed Processing Symp. (IPDPS)},
 year = {2022}
}

@proceedings{isca00,
 booktitle = {Proc. of the 27th annual Intl. Symp. on Computer Architecture (ISCA-27)},
 year = {2000}
}

@proceedings{isca01,
 booktitle = {Proc. of the 28th annual Intl. Symp. on Computer Architecture (ISCA-28)},
 year = {2001}
}

@proceedings{isca02,
 booktitle = {Proc. of the 29th annual Intl. Symp. on Computer Architecture (ISCA-29)},
 year = {2002}
}

@proceedings{isca03,
 booktitle = {Proc. of the 30th annual Intl. Symp. on Computer Architecture (ISCA-30)},
 year = {2003}
}

@proceedings{isca04,
 booktitle = {Proc. of the 31st annual Intl. Symp. on Computer Architecture (ISCA-31)},
 year = {2004}
}

@proceedings{isca05,
 booktitle = {Proc. of the 32nd annual Intl. Symp. on Computer Architecture (ISCA-32)},
 year = {2005}
}

@proceedings{isca06,
 booktitle = {Proc. of the 33rd annual Intl. Symp. on Computer Architecture (ISCA-33)},
 year = {2006}
}

@proceedings{isca07,
 booktitle = {Proc. of the 34th annual Intl. Symp. on Computer Architecture (ISCA-34)},
 year = {2007}
}

@proceedings{isca08,
 booktitle = {Proc. of the 35th annual Intl. Symp. on Computer Architecture (ISCA-35)},
 year = {2008}
}

@proceedings{isca09,
 booktitle = {Proc. of the 36th annual Intl. Symp. on Computer Architecture (ISCA-36)},
 year = {2009}
}

@proceedings{isca10,
 booktitle = {Proc. of the 37th annual Intl. Symp. on Computer Architecture (ISCA-37)},
 year = {2010}
}

@proceedings{isca11,
 booktitle = {Proc. of the 38th annual Intl. Symp. on Computer Architecture (ISCA-38)},
 year = {2011}
}

@proceedings{isca12,
 booktitle = {Proc. of the 39th annual Intl. Symp. on Computer Architecture (ISCA-39)},
 year = {2012}
}

@proceedings{isca13,
 booktitle = {Proc. of the 40th annual Intl. Symp. on Computer Architecture (ISCA-40)},
 year = {2013}
}

@proceedings{isca14,
 booktitle = {Proc. of the 41st annual Intl. Symp. on Computer Architecture (ISCA-41)},
 year = {2014}
}

@proceedings{isca15,
 booktitle = {Proc. of the 42nd annual Intl. Symp. on Computer Architecture (ISCA-42)},
 year = {2015}
}

@proceedings{isca16,
 booktitle = {Proc. of the 43rd annual Intl. Symp. on Computer Architecture (ISCA-43)},
 year = {2016}
}

@proceedings{isca17,
 booktitle = {Proc. of the 44th annual Intl. Symp. on Computer Architecture (ISCA-44)},
 year = {2017}
}

@proceedings{isca18,
 booktitle = {Proc. of the 45th annual Intl. Symp. on Computer Architecture (ISCA-45)},
 year = {2018}
}

@proceedings{isca19,
 booktitle = {Proc. of the 46th annual Intl. Symp. on Computer Architecture (ISCA-46)},
 year = {2019}
}

@proceedings{isca20,
 booktitle = {Proc. of the 47th annual Intl. Symp. on Computer Architecture (ISCA-47)},
 year = {2020}
}

@proceedings{isca21,
 booktitle = {Proc. of the 48th annual Intl. Symp. on Computer Architecture (ISCA-48)},
 year = {2021}
}

@proceedings{isca22,
 booktitle = {Proc. of the 49th annual Intl. Symp. on Computer Architecture (ISCA-49)},
 year = {2022}
}

@proceedings{isca23,
 booktitle = {Proc. of the 50th annual Intl. Symp. on Computer Architecture (ISCA-50)},
 year = {2023}
}

@proceedings{isca73,
 booktitle = {Proc. of the 1st annual Intl. Symp. on Computer Architecture (ISCA-1)},
 year = {1973}
}

@proceedings{isca74,
 booktitle = {Proc. of the 2nd annual Intl. Symp. on Computer Architecture (ISCA-2)},
 year = {1974}
}

@proceedings{isca76,
 booktitle = {Proc. of the 3rd annual Intl. Symp. on Computer Architecture (ISCA-3)},
 year = {1976}
}

@proceedings{isca77,
 booktitle = {Proc. of the 4th annual Intl. Symp. on Computer Architecture (ISCA-4)},
 year = {1977}
}

@proceedings{isca78,
 booktitle = {Proc. of the 5th annual Intl. Symp. on Computer Architecture (ISCA-5)},
 year = {1978}
}

@proceedings{isca79,
 booktitle = {Proc. of the 6th annual Intl. Symp. on Computer Architecture (ISCA-6)},
 year = {1979}
}

@proceedings{isca80,
 booktitle = {Proc. of the 7th annual Intl. Symp. on Computer Architecture (ISCA-7)},
 year = {1980}
}

@proceedings{isca81,
 booktitle = {Proc. of the 8th annual Intl. Symp. on Computer Architecture (ISCA-8)},
 year = {1981}
}

@proceedings{isca82,
 booktitle = {Proc. of the 9th annual Intl. Symp. on Computer Architecture (ISCA-9)},
 year = {1982}
}

@proceedings{isca83,
 booktitle = {Proc. of the 10th annual Intl. Symp. on Computer Architecture (ISCA-10)},
 year = {1983}
}

@proceedings{isca84,
 booktitle = {Proc. of the 11th annual Intl. Symp. on Computer Architecture (ISCA-11)},
 year = {1984}
}

@proceedings{isca85,
 booktitle = {Proc. of the 12th annual Intl. Symp. on Computer Architecture (ISCA-12)},
 year = {1985}
}

@proceedings{isca86,
 booktitle = {Proc. of the 13th annual Intl. Symp. on Computer Architecture (ISCA-13)},
 year = {1986}
}

@proceedings{isca87,
 booktitle = {Proc. of the 14th annual Intl. Symp. on Computer Architecture (ISCA-14)},
 year = {1987}
}

@proceedings{isca88,
 booktitle = {Proc. of the 15th annual Intl. Symp. on Computer Architecture (ISCA-15)},
 year = {1988}
}

@proceedings{isca89,
 booktitle = {Proc. of the 16th annual Intl. Symp. on Computer Architecture (ISCA-16)},
 year = {1989}
}

@proceedings{isca90,
 booktitle = {Proc. of the 17th annual Intl. Symp. on Computer Architecture (ISCA-17)},
 year = {1990}
}

@proceedings{isca91,
 booktitle = {Proc. of the 18th annual Intl. Symp. on Computer Architecture (ISCA-18)},
 year = {1991}
}

@proceedings{isca92,
 booktitle = {Proc. of the 19th annual Intl. Symp. on Computer Architecture (ISCA-19)},
 year = {1992}
}

@proceedings{isca93,
 booktitle = {Proc. of the 20th annual Intl. Symp. on Computer Architecture (ISCA-20)},
 year = {1993}
}

@proceedings{isca94,
 booktitle = {Proc. of the 21st annual Intl. Symp. on Computer Architecture (ISCA-21)},
 year = {1994}
}

@proceedings{isca95,
 booktitle = {Proc. of the 22nd annual Intl. Symp. on Computer Architecture (ISCA-22)},
 year = {1995}
}

@proceedings{isca96,
 booktitle = {Proc. of the 23rd annual Intl. Symp. on Computer Architecture (ISCA-23)},
 year = {1996}
}

@proceedings{isca97,
 booktitle = {Proc. of the 24th annual Intl. Symp. on Computer Architecture (ISCA-24)},
 year = {1997}
}

@proceedings{isca98,
 booktitle = {Proc. of the 25th annual Intl. Symp. on Computer Architecture (ISCA-25)},
 year = {1998}
}

@proceedings{isca99,
 booktitle = {Proc. of the 26th annual Intl. Symp. on Computer Architecture (ISCA-26)},
 year = {1999}
}

@proceedings{ispass01,
 booktitle = {Proc. of the IEEE Intl. Symp. on Performance Analysis of Systems and Software (ISPASS)},
 year = {2001}
}

@proceedings{ispass02,
 booktitle = {Proc. of the IEEE Intl. Symp. on Performance Analysis of Systems and Software (ISPASS)},
 year = {2002}
}

@proceedings{ispass03,
 booktitle = {Proc. of the IEEE Intl. Symp. on Performance Analysis of Systems and Software (ISPASS)},
 year = {2003}
}

@proceedings{ispass04,
 booktitle = {Proc. of the IEEE Intl. Symp. on Performance Analysis of Systems and Software (ISPASS)},
 year = {2004}
}

@proceedings{ispass05,
 booktitle = {Proc. of the IEEE Intl. Symp. on Performance Analysis of Systems and Software (ISPASS)},
 year = {2005}
}

@proceedings{ispass06,
 booktitle = {Proc. of the IEEE Intl. Symp. on Performance Analysis of Systems and Software (ISPASS)},
 year = {2006}
}

@proceedings{ispass07,
 booktitle = {Proc. of the IEEE Intl. Symp. on Performance Analysis of Systems and Software (ISPASS)},
 year = {2007}
}

@proceedings{ispass08,
 booktitle = {Proc. of the IEEE Intl. Symp. on Performance Analysis of Systems and Software (ISPASS)},
 year = {2008}
}

@proceedings{ispass09,
 booktitle = {Proc. of the IEEE Intl. Symp. on Performance Analysis of Systems and Software (ISPASS)},
 year = {2009}
}

@proceedings{ispass10,
 booktitle = {Proc. of the IEEE Intl. Symp. on Performance Analysis of Systems and Software (ISPASS)},
 year = {2010}
}

@proceedings{ispass11,
 booktitle = {Proc. of the IEEE Intl. Symp. on Performance Analysis of Systems and Software (ISPASS)},
 year = {2011}
}

@proceedings{ispass12,
 booktitle = {Proc. of the IEEE Intl. Symp. on Performance Analysis of Systems and Software (ISPASS)},
 year = {2012}
}

@proceedings{ispass13,
 booktitle = {Proc. of the IEEE Intl. Symp. on Performance Analysis of Systems and Software (ISPASS)},
 year = {2013}
}

@proceedings{ispass14,
 booktitle = {Proc. of the IEEE Intl. Symp. on Performance Analysis of Systems and Software (ISPASS)},
 year = {2014}
}

@proceedings{ispass15,
 booktitle = {Proc. of the IEEE Intl. Symp. on Performance Analysis of Systems and Software (ISPASS)},
 year = {2015}
}

@proceedings{ispass16,
 booktitle = {Proc. of the IEEE Intl. Symp. on Performance Analysis of Systems and Software (ISPASS)},
 year = {2016}
}

@proceedings{ispass17,
 booktitle = {Proc. of the IEEE Intl. Symp. on Performance Analysis of Systems and Software (ISPASS)},
 year = {2017}
}

@proceedings{ispass18,
 booktitle = {Proc. of the IEEE Intl. Symp. on Performance Analysis of Systems and Software (ISPASS)},
 year = {2018}
}

@proceedings{ispass19,
 booktitle = {Proc. of the IEEE Intl. Symp. on Performance Analysis of Systems and Software (ISPASS)},
 year = {2019}
}

@proceedings{ispass20,
 booktitle = {Proc. of the IEEE Intl. Symp. on Performance Analysis of Systems and Software (ISPASS)},
 year = {2020}
}

@proceedings{ispass21,
 booktitle = {Proc. of the IEEE Intl. Symp. on Performance Analysis of Systems and Software (ISPASS)},
 year = {2021}
}

@proceedings{ispass22,
 booktitle = {Proc. of the IEEE Intl. Symp. on Performance Analysis of Systems and Software (ISPASS)},
 year = {2022}
}

@proceedings{isscc00,
 booktitle = {Proc. of the IEEE Intl. Solid-State Circuits Conf. (ISSCC)},
 year = {2000}
}

@proceedings{isscc01,
 booktitle = {Proc. of the IEEE Intl. Solid-State Circuits Conf. (ISSCC)},
 year = {2001}
}

@proceedings{isscc02,
 booktitle = {Proc. of the IEEE Intl. Solid-State Circuits Conf. (ISSCC)},
 year = {2002}
}

@proceedings{isscc03,
 booktitle = {Proc. of the IEEE Intl. Solid-State Circuits Conf. (ISSCC)},
 year = {2003}
}

@proceedings{isscc04,
 booktitle = {Proc. of the IEEE Intl. Solid-State Circuits Conf. (ISSCC)},
 year = {2004}
}

@proceedings{isscc05,
 booktitle = {Proc. of the IEEE Intl. Solid-State Circuits Conf. (ISSCC)},
 year = {2005}
}

@proceedings{isscc06,
 booktitle = {Proc. of the IEEE Intl. Solid-State Circuits Conf. (ISSCC)},
 year = {2006}
}

@proceedings{isscc07,
 booktitle = {Proc. of the IEEE Intl. Solid-State Circuits Conf. (ISSCC)},
 year = {2007}
}

@proceedings{isscc08,
 booktitle = {Proc. of the IEEE Intl. Solid-State Circuits Conf. (ISSCC)},
 year = {2008}
}

@proceedings{isscc09,
 booktitle = {Proc. of the IEEE Intl. Solid-State Circuits Conf. (ISSCC)},
 year = {2009}
}

@proceedings{isscc10,
 booktitle = {Proc. of the IEEE Intl. Solid-State Circuits Conf. (ISSCC)},
 year = {2010}
}

@proceedings{isscc11,
 booktitle = {Proc. of the IEEE Intl. Solid-State Circuits Conf. (ISSCC)},
 year = {2011}
}

@proceedings{isscc12,
 booktitle = {Proc. of the IEEE Intl. Solid-State Circuits Conf. (ISSCC)},
 year = {2012}
}

@proceedings{isscc13,
 booktitle = {Proc. of the IEEE Intl. Solid-State Circuits Conf. (ISSCC)},
 year = {2013}
}

@proceedings{isscc14,
 booktitle = {Proc. of the IEEE Intl. Solid-State Circuits Conf. (ISSCC)},
 year = {2014}
}

@proceedings{isscc15,
 booktitle = {Proc. of the IEEE Intl. Solid-State Circuits Conf. (ISSCC)},
 year = {2015}
}

@proceedings{isscc16,
 booktitle = {Proc. of the IEEE Intl. Solid-State Circuits Conf. (ISSCC)},
 year = {2016}
}

@proceedings{isscc17,
 booktitle = {Proc. of the IEEE Intl. Solid-State Circuits Conf. (ISSCC)},
 year = {2017}
}

@proceedings{isscc18,
 booktitle = {Proc. of the IEEE Intl. Solid-State Circuits Conf. (ISSCC)},
 year = {2018}
}

@proceedings{isscc19,
 booktitle = {Proc. of the IEEE Intl. Solid-State Circuits Conf. (ISSCC)},
 year = {2019}
}

@proceedings{isscc20,
 booktitle = {Proc. of the IEEE Intl. Solid-State Circuits Conf. (ISSCC)},
 year = {2020}
}

@proceedings{isscc21,
 booktitle = {Proc. of the IEEE Intl. Solid-State Circuits Conf. (ISSCC)},
 year = {2021}
}

@proceedings{isscc22,
 booktitle = {Proc. of the IEEE Intl. Solid-State Circuits Conf. (ISSCC)},
 year = {2022}
}

@proceedings{isscc54,
 booktitle = {Proc. of the IEEE Intl. Solid-State Circuits Conf. (ISSCC)},
 year = {1954}
}

@proceedings{isscc55,
 booktitle = {Proc. of the IEEE Intl. Solid-State Circuits Conf. (ISSCC)},
 year = {1955}
}

@proceedings{isscc56,
 booktitle = {Proc. of the IEEE Intl. Solid-State Circuits Conf. (ISSCC)},
 year = {1956}
}

@proceedings{isscc57,
 booktitle = {Proc. of the IEEE Intl. Solid-State Circuits Conf. (ISSCC)},
 year = {1957}
}

@proceedings{isscc58,
 booktitle = {Proc. of the IEEE Intl. Solid-State Circuits Conf. (ISSCC)},
 year = {1958}
}

@proceedings{isscc59,
 booktitle = {Proc. of the IEEE Intl. Solid-State Circuits Conf. (ISSCC)},
 year = {1959}
}

@proceedings{isscc60,
 booktitle = {Proc. of the IEEE Intl. Solid-State Circuits Conf. (ISSCC)},
 year = {1960}
}

@proceedings{isscc61,
 booktitle = {Proc. of the IEEE Intl. Solid-State Circuits Conf. (ISSCC)},
 year = {1961}
}

@proceedings{isscc62,
 booktitle = {Proc. of the IEEE Intl. Solid-State Circuits Conf. (ISSCC)},
 year = {1962}
}

@proceedings{isscc63,
 booktitle = {Proc. of the IEEE Intl. Solid-State Circuits Conf. (ISSCC)},
 year = {1963}
}

@proceedings{isscc64,
 booktitle = {Proc. of the IEEE Intl. Solid-State Circuits Conf. (ISSCC)},
 year = {1964}
}

@proceedings{isscc65,
 booktitle = {Proc. of the IEEE Intl. Solid-State Circuits Conf. (ISSCC)},
 year = {1965}
}

@proceedings{isscc66,
 booktitle = {Proc. of the IEEE Intl. Solid-State Circuits Conf. (ISSCC)},
 year = {1966}
}

@proceedings{isscc67,
 booktitle = {Proc. of the IEEE Intl. Solid-State Circuits Conf. (ISSCC)},
 year = {1967}
}

@proceedings{isscc68,
 booktitle = {Proc. of the IEEE Intl. Solid-State Circuits Conf. (ISSCC)},
 year = {1968}
}

@proceedings{isscc69,
 booktitle = {Proc. of the IEEE Intl. Solid-State Circuits Conf. (ISSCC)},
 year = {1969}
}

@proceedings{isscc70,
 booktitle = {Proc. of the IEEE Intl. Solid-State Circuits Conf. (ISSCC)},
 year = {1970}
}

@proceedings{isscc71,
 booktitle = {Proc. of the IEEE Intl. Solid-State Circuits Conf. (ISSCC)},
 year = {1971}
}

@proceedings{isscc72,
 booktitle = {Proc. of the IEEE Intl. Solid-State Circuits Conf. (ISSCC)},
 year = {1972}
}

@proceedings{isscc73,
 booktitle = {Proc. of the IEEE Intl. Solid-State Circuits Conf. (ISSCC)},
 year = {1973}
}

@proceedings{isscc74,
 booktitle = {Proc. of the IEEE Intl. Solid-State Circuits Conf. (ISSCC)},
 year = {1974}
}

@proceedings{isscc75,
 booktitle = {Proc. of the IEEE Intl. Solid-State Circuits Conf. (ISSCC)},
 year = {1975}
}

@proceedings{isscc76,
 booktitle = {Proc. of the IEEE Intl. Solid-State Circuits Conf. (ISSCC)},
 year = {1976}
}

@proceedings{isscc77,
 booktitle = {Proc. of the IEEE Intl. Solid-State Circuits Conf. (ISSCC)},
 year = {1977}
}

@proceedings{isscc78,
 booktitle = {Proc. of the IEEE Intl. Solid-State Circuits Conf. (ISSCC)},
 year = {1978}
}

@proceedings{isscc79,
 booktitle = {Proc. of the IEEE Intl. Solid-State Circuits Conf. (ISSCC)},
 year = {1979}
}

@proceedings{isscc80,
 booktitle = {Proc. of the IEEE Intl. Solid-State Circuits Conf. (ISSCC)},
 year = {1980}
}

@proceedings{isscc81,
 booktitle = {Proc. of the IEEE Intl. Solid-State Circuits Conf. (ISSCC)},
 year = {1981}
}

@proceedings{isscc82,
 booktitle = {Proc. of the IEEE Intl. Solid-State Circuits Conf. (ISSCC)},
 year = {1982}
}

@proceedings{isscc83,
 booktitle = {Proc. of the IEEE Intl. Solid-State Circuits Conf. (ISSCC)},
 year = {1983}
}

@proceedings{isscc84,
 booktitle = {Proc. of the IEEE Intl. Solid-State Circuits Conf. (ISSCC)},
 year = {1984}
}

@proceedings{isscc85,
 booktitle = {Proc. of the IEEE Intl. Solid-State Circuits Conf. (ISSCC)},
 year = {1985}
}

@proceedings{isscc86,
 booktitle = {Proc. of the IEEE Intl. Solid-State Circuits Conf. (ISSCC)},
 year = {1986}
}

@proceedings{isscc87,
 booktitle = {Proc. of the IEEE Intl. Solid-State Circuits Conf. (ISSCC)},
 year = {1987}
}

@proceedings{isscc88,
 booktitle = {Proc. of the IEEE Intl. Solid-State Circuits Conf. (ISSCC)},
 year = {1988}
}

@proceedings{isscc89,
 booktitle = {Proc. of the IEEE Intl. Solid-State Circuits Conf. (ISSCC)},
 year = {1989}
}

@proceedings{isscc90,
 booktitle = {Proc. of the IEEE Intl. Solid-State Circuits Conf. (ISSCC)},
 year = {1990}
}

@proceedings{isscc91,
 booktitle = {Proc. of the IEEE Intl. Solid-State Circuits Conf. (ISSCC)},
 year = {1991}
}

@proceedings{isscc92,
 booktitle = {Proc. of the IEEE Intl. Solid-State Circuits Conf. (ISSCC)},
 year = {1992}
}

@proceedings{isscc93,
 booktitle = {Proc. of the IEEE Intl. Solid-State Circuits Conf. (ISSCC)},
 year = {1993}
}

@proceedings{isscc94,
 booktitle = {Proc. of the IEEE Intl. Solid-State Circuits Conf. (ISSCC)},
 year = {1994}
}

@proceedings{isscc95,
 booktitle = {Proc. of the IEEE Intl. Solid-State Circuits Conf. (ISSCC)},
 year = {1995}
}

@proceedings{isscc96,
 booktitle = {Proc. of the IEEE Intl. Solid-State Circuits Conf. (ISSCC)},
 year = {1996}
}

@proceedings{isscc97,
 booktitle = {Proc. of the IEEE Intl. Solid-State Circuits Conf. (ISSCC)},
 year = {1997}
}

@proceedings{isscc98,
 booktitle = {Proc. of the IEEE Intl. Solid-State Circuits Conf. (ISSCC)},
 year = {1998}
}

@proceedings{isscc99,
 booktitle = {Proc. of the IEEE Intl. Solid-State Circuits Conf. (ISSCC)},
 year = {1999}
}

@proceedings{micro00,
 booktitle = {Proc. of the 33rd annual IEEE/ACM intl. symp. on Microarchitecture (MICRO-33)},
 year = {2000}
}

@proceedings{micro01,
 booktitle = {Proc. of the 34th annual IEEE/ACM intl. symp. on Microarchitecture (MICRO-34)},
 year = {2001}
}

@proceedings{micro02,
 booktitle = {Proc. of the 35th annual IEEE/ACM intl. symp. on Microarchitecture (MICRO-35)},
 year = {2002}
}

@proceedings{micro03,
 booktitle = {Proc. of the 36th annual IEEE/ACM intl. symp. on Microarchitecture (MICRO-36)},
 year = {2003}
}

@proceedings{micro04,
 booktitle = {Proc. of the 37th annual IEEE/ACM intl. symp. on Microarchitecture (MICRO-37)},
 year = {2004}
}

@proceedings{micro05,
 booktitle = {Proc. of the 38th annual IEEE/ACM intl. symp. on Microarchitecture (MICRO-38)},
 year = {2005}
}

@proceedings{micro06,
 booktitle = {Proc. of the 39th annual IEEE/ACM intl. symp. on Microarchitecture (MICRO-39)},
 year = {2006}
}

@proceedings{micro07,
 booktitle = {Proc. of the 40th annual IEEE/ACM intl. symp. on Microarchitecture (MICRO-40)},
 year = {2007}
}

@proceedings{micro08,
 booktitle = {Proc. of the 41st annual IEEE/ACM intl. symp. on Microarchitecture (MICRO-41)},
 year = {2008}
}

@proceedings{micro09,
 booktitle = {Proc. of the 42nd annual IEEE/ACM intl. symp. on Microarchitecture (MICRO-42)},
 year = {2009}
}

@proceedings{micro10,
 booktitle = {Proc. of the 43rd annual IEEE/ACM intl. symp. on Microarchitecture (MICRO-43)},
 year = {2010}
}

@proceedings{micro11,
 booktitle = {Proc. of the 44th annual IEEE/ACM intl. symp. on Microarchitecture (MICRO-44)},
 year = {2011}
}

@proceedings{micro12,
 booktitle = {Proc. of the 45th annual IEEE/ACM intl. symp. on Microarchitecture (MICRO-45)},
 year = {2012}
}

@proceedings{micro13,
 booktitle = {Proc. of the 46th annual IEEE/ACM intl. symp. on Microarchitecture (MICRO-46)},
 year = {2013}
}

@proceedings{micro14,
 booktitle = {Proc. of the 47th annual IEEE/ACM intl. symp. on Microarchitecture (MICRO-47)},
 year = {2014}
}

@proceedings{micro15,
 booktitle = {Proc. of the 48th annual IEEE/ACM intl. symp. on Microarchitecture (MICRO-48)},
 year = {2015}
}

@proceedings{micro16,
 booktitle = {Proc. of the 49th annual IEEE/ACM intl. symp. on Microarchitecture (MICRO-49)},
 year = {2016}
}

@proceedings{micro17,
 booktitle = {Proc. of the 50th annual IEEE/ACM intl. symp. on Microarchitecture (MICRO-50)},
 year = {2017}
}

@proceedings{micro18,
 booktitle = {Proc. of the 51st annual IEEE/ACM intl. symp. on Microarchitecture (MICRO-51)},
 year = {2018}
}

@proceedings{micro19,
 booktitle = {Proc. of the 52nd annual IEEE/ACM intl. symp. on Microarchitecture (MICRO-52)},
 year = {2019}
}

@proceedings{micro20,
 booktitle = {Proc. of the 53rd annual IEEE/ACM intl. symp. on Microarchitecture (MICRO-53)},
 year = {2020}
}

@proceedings{micro21,
 booktitle = {Proc. of the 54th annual IEEE/ACM intl. symp. on Microarchitecture (MICRO-54)},
 year = {2021}
}

@proceedings{micro22,
 booktitle = {Proc. of the 55th annual IEEE/ACM intl. symp. on Microarchitecture (MICRO-55)},
 year = {2022}
}

@proceedings{micro23,
 booktitle = {Proc. of the 56th annual IEEE/ACM intl. symp. on Microarchitecture (MICRO-56)},
 year = {2023}
}

@proceedings{micro24,
 booktitle = {Proc. of the 57th annual IEEE/ACM intl. symp. on Microarchitecture (MICRO-57)},
 year = {2024}
}

@proceedings{micro68,
 booktitle = {Proc. of the 1st annual workshop and symp. on Microprogramming and Microarchitecture (MICRO-1)},
 year = {1968}
}

@proceedings{micro69,
 booktitle = {Proc. of the 2nd annual workshop and symp. on Microprogramming and Microarchitecture (MICRO-2)},
 year = {1969}
}

@proceedings{micro70,
 booktitle = {Proc. of the 3rd annual workshop and symp. on Microprogramming and Microarchitecture (MICRO-3)},
 year = {1970}
}

@proceedings{micro71,
 booktitle = {Proc. of the 4th annual workshop and symp. on Microprogramming and Microarchitecture (MICRO-4)},
 year = {1971}
}

@proceedings{micro72,
 booktitle = {Proc. of the 5th annual workshop and symp. on Microprogramming and Microarchitecture (MICRO-5)},
 year = {1972}
}

@proceedings{micro73,
 booktitle = {Proc. of the 6th annual workshop and symp. on Microprogramming and Microarchitecture (MICRO-6)},
 year = {1973}
}

@proceedings{micro74,
 booktitle = {Proc. of the 7th annual workshop and symp. on Microprogramming and Microarchitecture (MICRO-7)},
 year = {1974}
}

@proceedings{micro75,
 booktitle = {Proc. of the 8th annual workshop and symp. on Microprogramming and Microarchitecture (MICRO-8)},
 year = {1975}
}

@proceedings{micro76,
 booktitle = {Proc. of the 9th annual workshop and symp. on Microprogramming and Microarchitecture (MICRO-9)},
 year = {1976}
}

@proceedings{micro77,
 booktitle = {Proc. of the 10th annual workshop and symp. on Microprogramming and Microarchitecture (MICRO-10)},
 year = {1977}
}

@proceedings{micro78,
 booktitle = {Proc. of the 11th annual workshop and symp. on Microprogramming and Microarchitecture (MICRO-11)},
 year = {1978}
}

@proceedings{micro79,
 booktitle = {Proc. of the 12th annual workshop and symp. on Microprogramming and Microarchitecture (MICRO-12)},
 year = {1979}
}

@proceedings{micro80,
 booktitle = {Proc. of the 13th annual workshop and symp. on Microprogramming and Microarchitecture (MICRO-13)},
 year = {1980}
}

@proceedings{micro81,
 booktitle = {Proc. of the 14th annual workshop and symp. on Microprogramming and Microarchitecture (MICRO-14)},
 year = {1981}
}

@proceedings{micro82,
 booktitle = {Proc. of the 15th annual workshop and symp. on Microprogramming and Microarchitecture (MICRO-15)},
 year = {1982}
}

@proceedings{micro83,
 booktitle = {Proc. of the 16th annual workshop and symp. on Microprogramming and Microarchitecture (MICRO-16)},
 year = {1983}
}

@proceedings{micro84,
 booktitle = {Proc. of the 17th annual workshop and symp. on Microprogramming and Microarchitecture (MICRO-17)},
 year = {1984}
}

@proceedings{micro85,
 booktitle = {Proc. of the 18th annual workshop and symp. on Microprogramming and Microarchitecture (MICRO-18)},
 year = {1985}
}

@proceedings{micro86,
 booktitle = {Proc. of the 19th annual workshop and symp. on Microprogramming and Microarchitecture (MICRO-19)},
 year = {1986}
}

@proceedings{micro87,
 booktitle = {Proc. of the 20th annual workshop and symp. on Microprogramming and Microarchitecture (MICRO-20)},
 year = {1987}
}

@proceedings{micro88,
 booktitle = {Proc. of the 21st annual workshop and symp. on Microprogramming and Microarchitecture (MICRO-21)},
 year = {1988}
}

@proceedings{micro89,
 booktitle = {Proc. of the 22nd annual workshop and symp. on Microprogramming and Microarchitecture (MICRO-22)},
 year = {1989}
}

@proceedings{micro90,
 booktitle = {Proc. of the 23rd annual workshop and symp. on Microprogramming and Microarchitecture (MICRO-23)},
 year = {1990}
}

@proceedings{micro91,
 booktitle = {Proc. of the 24th annual IEEE/ACM intl. symp. on Microarchitecture (MICRO-24)},
 year = {1991}
}

@proceedings{micro92,
 booktitle = {Proc. of the 25th annual IEEE/ACM intl. symp. on Microarchitecture (MICRO-25)},
 year = {1992}
}

@proceedings{micro93,
 booktitle = {Proc. of the 26th annual IEEE/ACM intl. symp. on Microarchitecture (MICRO-26)},
 year = {1993}
}

@proceedings{micro94,
 booktitle = {Proc. of the 27th annual IEEE/ACM intl. symp. on Microarchitecture (MICRO-27)},
 year = {1994}
}

@proceedings{micro95,
 booktitle = {Proc. of the 28th annual IEEE/ACM intl. symp. on Microarchitecture (MICRO-28)},
 year = {1995}
}

@proceedings{micro96,
 booktitle = {Proc. of the 29th annual IEEE/ACM intl. symp. on Microarchitecture (MICRO-29)},
 year = {1996}
}

@proceedings{micro97,
 booktitle = {Proc. of the 30th annual IEEE/ACM intl. symp. on Microarchitecture (MICRO-30)},
 year = {1997}
}

@proceedings{micro98,
 booktitle = {Proc. of the 31st annual IEEE/ACM intl. symp. on Microarchitecture (MICRO-31)},
 year = {1998}
}

@proceedings{micro99,
 booktitle = {Proc. of the 32nd annual IEEE/ACM intl. symp. on Microarchitecture (MICRO-32)},
 year = {1999}
}

@proceedings{nsdi04,
 booktitle = {Proc. of the 1st USENIX Symp. on Networked Systems Design and Implementation (NSDI)},
 year = {2004}
}

@proceedings{nsdi05,
 booktitle = {Proc. of the 2nd USENIX Symp. on Networked Systems Design and Implementation (NSDI)},
 year = {2005}
}

@proceedings{nsdi06,
 booktitle = {Proc. of the 3rd USENIX Symp. on Networked Systems Design and Implementation (NSDI)},
 year = {2006}
}

@proceedings{nsdi07,
 booktitle = {Proc. of the 4th USENIX Symp. on Networked Systems Design and Implementation (NSDI)},
 year = {2007}
}

@proceedings{nsdi08,
 booktitle = {Proc. of the 5th USENIX Symp. on Networked Systems Design and Implementation (NSDI)},
 year = {2008}
}

@proceedings{nsdi09,
 booktitle = {Proc. of the 6th USENIX Symp. on Networked Systems Design and Implementation (NSDI)},
 year = {2009}
}

@proceedings{nsdi10,
 booktitle = {Proc. of the 7th USENIX Symp. on Networked Systems Design and Implementation (NSDI)},
 year = {2010}
}

@proceedings{nsdi11,
 booktitle = {Proc. of the 8th USENIX Symp. on Networked Systems Design and Implementation (NSDI)},
 year = {2011}
}

@proceedings{nsdi12,
 booktitle = {Proc. of the 9th USENIX Symp. on Networked Systems Design and Implementation (NSDI)},
 year = {2012}
}

@proceedings{nsdi13,
 booktitle = {Proc. of the 10th USENIX Symp. on Networked Systems Design and Implementation (NSDI)},
 year = {2013}
}

@proceedings{nsdi14,
 booktitle = {Proc. of the 11th USENIX Symp. on Networked Systems Design and Implementation (NSDI)},
 year = {2014}
}

@proceedings{nsdi15,
 booktitle = {Proc. of the 12th USENIX Symp. on Networked Systems Design and Implementation (NSDI)},
 year = {2015}
}

@proceedings{nsdi16,
 booktitle = {Proc. of the 13th USENIX Symp. on Networked Systems Design and Implementation (NSDI)},
 year = {2016}
}

@proceedings{nsdi17,
 booktitle = {Proc. of the 14th USENIX Symp. on Networked Systems Design and Implementation (NSDI)},
 year = {2017}
}

@proceedings{nsdi18,
 booktitle = {Proc. of the 15th USENIX Symp. on Networked Systems Design and Implementation (NSDI)},
 year = {2018}
}

@proceedings{nsdi19,
 booktitle = {Proc. of the 16th USENIX Symp. on Networked Systems Design and Implementation (NSDI)},
 year = {2019}
}

@proceedings{nsdi20,
 booktitle = {Proc. of the 17th USENIX Symp. on Networked Systems Design and Implementation (NSDI)},
 year = {2020}
}

@proceedings{nsdi21,
 booktitle = {Proc. of the 18th USENIX Symp. on Networked Systems Design and Implementation (NSDI)},
 year = {2021}
}

@proceedings{nsdi22,
 booktitle = {Proc. of the 19th USENIX Symp. on Networked Systems Design and Implementation (NSDI)},
 year = {2022}
}

@proceedings{oopsla00,
 booktitle = {Proc. of the ACM SIGPLAN Conf. on Object-Oriented Programming, Systems, Languages, and Applications (OOPSLA)},
 year = {2000}
}

@proceedings{oopsla01,
 booktitle = {Proc. of the ACM SIGPLAN Conf. on Object-Oriented Programming, Systems, Languages, and Applications (OOPSLA)},
 year = {2001}
}

@proceedings{oopsla02,
 booktitle = {Proc. of the ACM SIGPLAN Conf. on Object-Oriented Programming, Systems, Languages, and Applications (OOPSLA)},
 year = {2002}
}

@proceedings{oopsla03,
 booktitle = {Proc. of the ACM SIGPLAN Conf. on Object-Oriented Programming, Systems, Languages, and Applications (OOPSLA)},
 year = {2003}
}

@proceedings{oopsla04,
 booktitle = {Proc. of the ACM SIGPLAN Conf. on Object-Oriented Programming, Systems, Languages, and Applications (OOPSLA)},
 year = {2004}
}

@proceedings{oopsla05,
 booktitle = {Proc. of the ACM SIGPLAN Conf. on Object-Oriented Programming, Systems, Languages, and Applications (OOPSLA)},
 year = {2005}
}

@proceedings{oopsla06,
 booktitle = {Proc. of the ACM SIGPLAN Conf. on Object-Oriented Programming, Systems, Languages, and Applications (OOPSLA)},
 year = {2006}
}

@proceedings{oopsla07,
 booktitle = {Proc. of the ACM SIGPLAN Conf. on Object-Oriented Programming, Systems, Languages, and Applications (OOPSLA)},
 year = {2007}
}

@proceedings{oopsla08,
 booktitle = {Proc. of the ACM SIGPLAN Conf. on Object-Oriented Programming, Systems, Languages, and Applications (OOPSLA)},
 year = {2008}
}

@proceedings{oopsla09,
 booktitle = {Proc. of the ACM SIGPLAN Conf. on Object-Oriented Programming, Systems, Languages, and Applications (OOPSLA)},
 year = {2009}
}

@proceedings{oopsla10,
 booktitle = {Proc. of the ACM SIGPLAN Conf. on Object-Oriented Programming, Systems, Languages, and Applications (OOPSLA)},
 year = {2010}
}

@proceedings{oopsla11,
 booktitle = {Proc. of the ACM SIGPLAN Conf. on Object-Oriented Programming, Systems, Languages, and Applications (OOPSLA)},
 year = {2011}
}

@proceedings{oopsla12,
 booktitle = {Proc. of the ACM SIGPLAN Conf. on Object-Oriented Programming, Systems, Languages, and Applications (OOPSLA)},
 year = {2012}
}

@proceedings{oopsla13,
 booktitle = {Proc. of the ACM SIGPLAN Conf. on Object-Oriented Programming, Systems, Languages, and Applications (OOPSLA)},
 year = {2013}
}

@proceedings{oopsla14,
 booktitle = {Proc. of the ACM SIGPLAN Conf. on Object-Oriented Programming, Systems, Languages, and Applications (OOPSLA)},
 year = {2014}
}

@proceedings{oopsla15,
 booktitle = {Proc. of the ACM SIGPLAN Conf. on Object-Oriented Programming, Systems, Languages, and Applications (OOPSLA)},
 year = {2015}
}

@proceedings{oopsla16,
 booktitle = {Proc. of the ACM SIGPLAN Conf. on Object-Oriented Programming, Systems, Languages, and Applications (OOPSLA)},
 year = {2016}
}

@proceedings{oopsla17,
 booktitle = {Proc. of the ACM SIGPLAN Conf. on Object-Oriented Programming, Systems, Languages, and Applications (OOPSLA)},
 year = {2017}
}

@proceedings{oopsla18,
 booktitle = {Proc. of the ACM SIGPLAN Conf. on Object-Oriented Programming, Systems, Languages, and Applications (OOPSLA)},
 year = {2018}
}

@proceedings{oopsla19,
 booktitle = {Proc. of the ACM SIGPLAN Conf. on Object-Oriented Programming, Systems, Languages, and Applications (OOPSLA)},
 year = {2019}
}

@proceedings{oopsla20,
 booktitle = {Proc. of the ACM SIGPLAN Conf. on Object-Oriented Programming, Systems, Languages, and Applications (OOPSLA)},
 year = {2020}
}

@proceedings{oopsla21,
 booktitle = {Proc. of the ACM SIGPLAN Conf. on Object-Oriented Programming, Systems, Languages, and Applications (OOPSLA)},
 year = {2021}
}

@proceedings{oopsla22,
 booktitle = {Proc. of the ACM SIGPLAN Conf. on Object-Oriented Programming, Systems, Languages, and Applications (OOPSLA)},
 year = {2022}
}

@proceedings{oopsla86,
 booktitle = {Proc. of the ACM SIGPLAN Conf. on Object-Oriented Programming, Systems, Languages, and Applications (OOPSLA)},
 year = {1986}
}

@proceedings{oopsla87,
 booktitle = {Proc. of the ACM SIGPLAN Conf. on Object-Oriented Programming, Systems, Languages, and Applications (OOPSLA)},
 year = {1987}
}

@proceedings{oopsla88,
 booktitle = {Proc. of the ACM SIGPLAN Conf. on Object-Oriented Programming, Systems, Languages, and Applications (OOPSLA)},
 year = {1988}
}

@proceedings{oopsla89,
 booktitle = {Proc. of the ACM SIGPLAN Conf. on Object-Oriented Programming, Systems, Languages, and Applications (OOPSLA)},
 year = {1989}
}

@proceedings{oopsla90,
 booktitle = {Proc. of the ACM SIGPLAN Conf. on Object-Oriented Programming, Systems, Languages, and Applications (OOPSLA)},
 year = {1990}
}

@proceedings{oopsla91,
 booktitle = {Proc. of the ACM SIGPLAN Conf. on Object-Oriented Programming, Systems, Languages, and Applications (OOPSLA)},
 year = {1991}
}

@proceedings{oopsla92,
 booktitle = {Proc. of the ACM SIGPLAN Conf. on Object-Oriented Programming, Systems, Languages, and Applications (OOPSLA)},
 year = {1992}
}

@proceedings{oopsla93,
 booktitle = {Proc. of the ACM SIGPLAN Conf. on Object-Oriented Programming, Systems, Languages, and Applications (OOPSLA)},
 year = {1993}
}

@proceedings{oopsla94,
 booktitle = {Proc. of the ACM SIGPLAN Conf. on Object-Oriented Programming, Systems, Languages, and Applications (OOPSLA)},
 year = {1994}
}

@proceedings{oopsla95,
 booktitle = {Proc. of the ACM SIGPLAN Conf. on Object-Oriented Programming, Systems, Languages, and Applications (OOPSLA)},
 year = {1995}
}

@proceedings{oopsla96,
 booktitle = {Proc. of the ACM SIGPLAN Conf. on Object-Oriented Programming, Systems, Languages, and Applications (OOPSLA)},
 year = {1996}
}

@proceedings{oopsla97,
 booktitle = {Proc. of the ACM SIGPLAN Conf. on Object-Oriented Programming, Systems, Languages, and Applications (OOPSLA)},
 year = {1997}
}

@proceedings{oopsla98,
 booktitle = {Proc. of the ACM SIGPLAN Conf. on Object-Oriented Programming, Systems, Languages, and Applications (OOPSLA)},
 year = {1998}
}

@proceedings{oopsla99,
 booktitle = {Proc. of the ACM SIGPLAN Conf. on Object-Oriented Programming, Systems, Languages, and Applications (OOPSLA)},
 year = {1999}
}

@proceedings{osdi00,
 booktitle = {Proc. of the 4th USENIX symp. on Operating Systems Design and Implementation (OSDI-4)},
 year = {2000}
}

@proceedings{osdi02,
 booktitle = {Proc. of the 5th USENIX symp. on Operating Systems Design and Implementation (OSDI-5)},
 year = {2002}
}

@proceedings{osdi04,
 booktitle = {Proc. of the 6th USENIX symp. on Operating Systems Design and Implementation (OSDI-6)},
 year = {2004}
}

@proceedings{osdi06,
 booktitle = {Proc. of the 7th USENIX symp. on Operating Systems Design and Implementation (OSDI-7)},
 year = {2006}
}

@proceedings{osdi08,
 booktitle = {Proc. of the 8th USENIX symp. on Operating Systems Design and Implementation (OSDI-8)},
 year = {2008}
}

@proceedings{osdi10,
 booktitle = {Proc. of the 9th USENIX symp. on Operating Systems Design and Implementation (OSDI-9)},
 year = {2010}
}

@proceedings{osdi12,
 booktitle = {Proc. of the 10th USENIX symp. on Operating Systems Design and Implementation (OSDI-10)},
 year = {2012}
}

@proceedings{osdi14,
 booktitle = {Proc. of the 11th USENIX symp. on Operating Systems Design and Implementation (OSDI-11)},
 year = {2014}
}

@proceedings{osdi16,
 booktitle = {Proc. of the 12th USENIX symp. on Operating Systems Design and Implementation (OSDI-12)},
 year = {2016}
}

@proceedings{osdi18,
 booktitle = {Proc. of the 13th USENIX symp. on Operating Systems Design and Implementation (OSDI-13)},
 year = {2018}
}

@proceedings{osdi20,
 booktitle = {Proc. of the 14th USENIX symp. on Operating Systems Design and Implementation (OSDI-14)},
 year = {2020}
}

@proceedings{osdi22,
 booktitle = {Proc. of the 15th USENIX symp. on Operating Systems Design and Implementation (OSDI-15)},
 year = {2022}
}

@proceedings{osdi94,
 booktitle = {Proc. of the 1st USENIX symp. on Operating Systems Design and Implementation (OSDI-1)},
 year = {1994}
}

@proceedings{osdi96,
 booktitle = {Proc. of the 2nd USENIX symp. on Operating Systems Design and Implementation (OSDI-2)},
 year = {1996}
}

@proceedings{osdi99,
 booktitle = {Proc. of the 3rd USENIX symp. on Operating Systems Design and Implementation (OSDI-3)},
 year = {1999}
}

@proceedings{pact00,
 booktitle = {Proc. of the 9th Intl. Conf. on Parallel Architectures and Compilation Techniques (PACT-9)},
 year = {2000}
}

@proceedings{pact01,
 booktitle = {Proc. of the 10th Intl. Conf. on Parallel Architectures and Compilation Techniques (PACT-10)},
 year = {2001}
}

@proceedings{pact02,
 booktitle = {Proc. of the 11th Intl. Conf. on Parallel Architectures and Compilation Techniques (PACT-11)},
 year = {2002}
}

@proceedings{pact03,
 booktitle = {Proc. of the 12th Intl. Conf. on Parallel Architectures and Compilation Techniques (PACT-12)},
 year = {2003}
}

@proceedings{pact04,
 booktitle = {Proc. of the 13th Intl. Conf. on Parallel Architectures and Compilation Techniques (PACT-13)},
 year = {2004}
}

@proceedings{pact05,
 booktitle = {Proc. of the 14th Intl. Conf. on Parallel Architectures and Compilation Techniques (PACT-14)},
 year = {2005}
}

@proceedings{pact06,
 booktitle = {Proc. of the 15th Intl. Conf. on Parallel Architectures and Compilation Techniques (PACT-15)},
 year = {2006}
}

@proceedings{pact07,
 booktitle = {Proc. of the 16th Intl. Conf. on Parallel Architectures and Compilation Techniques (PACT-16)},
 year = {2007}
}

@proceedings{pact08,
 booktitle = {Proc. of the 17th Intl. Conf. on Parallel Architectures and Compilation Techniques (PACT-17)},
 year = {2008}
}

@proceedings{pact09,
 booktitle = {Proc. of the 18th Intl. Conf. on Parallel Architectures and Compilation Techniques (PACT-18)},
 year = {2009}
}

@proceedings{pact10,
 booktitle = {Proc. of the 19th Intl. Conf. on Parallel Architectures and Compilation Techniques (PACT-19)},
 year = {2010}
}

@proceedings{pact11,
 booktitle = {Proc. of the 20th Intl. Conf. on Parallel Architectures and Compilation Techniques (PACT-20)},
 year = {2011}
}

@proceedings{pact12,
 booktitle = {Proc. of the 21st Intl. Conf. on Parallel Architectures and Compilation Techniques (PACT-21)},
 year = {2012}
}

@proceedings{pact13,
 booktitle = {Proc. of the 22nd Intl. Conf. on Parallel Architectures and Compilation Techniques (PACT-22)},
 year = {2013}
}

@proceedings{pact14,
 booktitle = {Proc. of the 23rd Intl. Conf. on Parallel Architectures and Compilation Techniques (PACT-23)},
 year = {2014}
}

@proceedings{pact15,
 booktitle = {Proc. of the 24th Intl. Conf. on Parallel Architectures and Compilation Techniques (PACT-24)},
 year = {2015}
}

@proceedings{pact16,
 booktitle = {Proc. of the 25th Intl. Conf. on Parallel Architectures and Compilation Techniques (PACT-25)},
 year = {2016}
}

@proceedings{pact17,
 booktitle = {Proc. of the 26th Intl. Conf. on Parallel Architectures and Compilation Techniques (PACT-26)},
 year = {2017}
}

@proceedings{pact18,
 booktitle = {Proc. of the 27th Intl. Conf. on Parallel Architectures and Compilation Techniques (PACT-27)},
 year = {2018}
}

@proceedings{pact19,
 booktitle = {Proc. of the 28th Intl. Conf. on Parallel Architectures and Compilation Techniques (PACT-28)},
 year = {2019}
}

@proceedings{pact20,
 booktitle = {Proc. of the 29th Intl. Conf. on Parallel Architectures and Compilation Techniques (PACT-29)},
 year = {2020}
}

@proceedings{pact21,
 booktitle = {Proc. of the 30th Intl. Conf. on Parallel Architectures and Compilation Techniques (PACT-30)},
 year = {2021}
}

@proceedings{pact22,
 booktitle = {Proc. of the 31st Intl. Conf. on Parallel Architectures and Compilation Techniques (PACT-31)},
 year = {2022}
}

@proceedings{pact96,
 booktitle = {Proc. of the 5th Intl. Conf. on Parallel Architectures and Compilation Techniques (PACT-5)},
 year = {1996}
}

@proceedings{pact97,
 booktitle = {Proc. of the 6th Intl. Conf. on Parallel Architectures and Compilation Techniques (PACT-6)},
 year = {1997}
}

@proceedings{pact98,
 booktitle = {Proc. of the 7th Intl. Conf. on Parallel Architectures and Compilation Techniques (PACT-7)},
 year = {1998}
}

@proceedings{pact99,
 booktitle = {Proc. of the 8th Intl. Conf. on Parallel Architectures and Compilation Techniques (PACT-8)},
 year = {1999}
}

@proceedings{pldi00,
 booktitle = {Proc. of the ACM SIGPLAN Conf. on Programming Language Design and Implementation (PLDI)},
 year = {2000}
}

@proceedings{pldi01,
 booktitle = {Proc. of the ACM SIGPLAN Conf. on Programming Language Design and Implementation (PLDI)},
 year = {2001}
}

@proceedings{pldi02,
 booktitle = {Proc. of the ACM SIGPLAN Conf. on Programming Language Design and Implementation (PLDI)},
 year = {2002}
}

@proceedings{pldi03,
 booktitle = {Proc. of the ACM SIGPLAN Conf. on Programming Language Design and Implementation (PLDI)},
 year = {2003}
}

@proceedings{pldi04,
 booktitle = {Proc. of the ACM SIGPLAN Conf. on Programming Language Design and Implementation (PLDI)},
 year = {2004}
}

@proceedings{pldi05,
 booktitle = {Proc. of the ACM SIGPLAN Conf. on Programming Language Design and Implementation (PLDI)},
 year = {2005}
}

@proceedings{pldi06,
 booktitle = {Proc. of the ACM SIGPLAN Conf. on Programming Language Design and Implementation (PLDI)},
 year = {2006}
}

@proceedings{pldi07,
 booktitle = {Proc. of the ACM SIGPLAN Conf. on Programming Language Design and Implementation (PLDI)},
 year = {2007}
}

@proceedings{pldi08,
 booktitle = {Proc. of the ACM SIGPLAN Conf. on Programming Language Design and Implementation (PLDI)},
 year = {2008}
}

@proceedings{pldi09,
 booktitle = {Proc. of the ACM SIGPLAN Conf. on Programming Language Design and Implementation (PLDI)},
 year = {2009}
}

@proceedings{pldi10,
 booktitle = {Proc. of the ACM SIGPLAN Conf. on Programming Language Design and Implementation (PLDI)},
 year = {2010}
}

@proceedings{pldi11,
 booktitle = {Proc. of the ACM SIGPLAN Conf. on Programming Language Design and Implementation (PLDI)},
 year = {2011}
}

@proceedings{pldi12,
 booktitle = {Proc. of the ACM SIGPLAN Conf. on Programming Language Design and Implementation (PLDI)},
 year = {2012}
}

@proceedings{pldi13,
 booktitle = {Proc. of the ACM SIGPLAN Conf. on Programming Language Design and Implementation (PLDI)},
 year = {2013}
}

@proceedings{pldi14,
 booktitle = {Proc. of the ACM SIGPLAN Conf. on Programming Language Design and Implementation (PLDI)},
 year = {2014}
}

@proceedings{pldi15,
 booktitle = {Proc. of the ACM SIGPLAN Conf. on Programming Language Design and Implementation (PLDI)},
 year = {2015}
}

@proceedings{pldi16,
 booktitle = {Proc. of the ACM SIGPLAN Conf. on Programming Language Design and Implementation (PLDI)},
 year = {2016}
}

@proceedings{pldi17,
 booktitle = {Proc. of the ACM SIGPLAN Conf. on Programming Language Design and Implementation (PLDI)},
 year = {2017}
}

@proceedings{pldi18,
 booktitle = {Proc. of the ACM SIGPLAN Conf. on Programming Language Design and Implementation (PLDI)},
 year = {2018}
}

@proceedings{pldi19,
 booktitle = {Proc. of the SIGPLAN conf. on Programming Language Design and Implementation (PLDI)},
 year = {2019}
}

@proceedings{pldi20,
 booktitle = {Proc. of the ACM SIGPLAN Conf. on Programming Language Design and Implementation (PLDI)},
 year = {2020}
}

@proceedings{pldi21,
 booktitle = {Proc. of the ACM SIGPLAN Conf. on Programming Language Design and Implementation (PLDI)},
 year = {2021}
}

@proceedings{pldi22,
 booktitle = {Proc. of the ACM SIGPLAN Conf. on Programming Language Design and Implementation (PLDI)},
 year = {2022}
}

@proceedings{pldi88,
 booktitle = {Proc. of the ACM SIGPLAN Conf. on Programming Language Design and Implementation (PLDI)},
 year = {1988}
}

@proceedings{pldi89,
 booktitle = {Proc. of the ACM SIGPLAN Conf. on Programming Language Design and Implementation (PLDI)},
 year = {1989}
}

@proceedings{pldi90,
 booktitle = {Proc. of the ACM SIGPLAN Conf. on Programming Language Design and Implementation (PLDI)},
 year = {1990}
}

@proceedings{pldi91,
 booktitle = {Proc. of the ACM SIGPLAN Conf. on Programming Language Design and Implementation (PLDI)},
 year = {1991}
}

@proceedings{pldi92,
 booktitle = {Proc. of the ACM SIGPLAN Conf. on Programming Language Design and Implementation (PLDI)},
 year = {1992}
}

@proceedings{pldi93,
 booktitle = {Proc. of the ACM SIGPLAN Conf. on Programming Language Design and Implementation (PLDI)},
 year = {1993}
}

@proceedings{pldi94,
 booktitle = {Proc. of the ACM SIGPLAN Conf. on Programming Language Design and Implementation (PLDI)},
 year = {1994}
}

@proceedings{pldi95,
 booktitle = {Proc. of the ACM SIGPLAN Conf. on Programming Language Design and Implementation (PLDI)},
 year = {1995}
}

@proceedings{pldi96,
 booktitle = {Proc. of the ACM SIGPLAN Conf. on Programming Language Design and Implementation (PLDI)},
 year = {1996}
}

@proceedings{pldi97,
 booktitle = {Proc. of the ACM SIGPLAN Conf. on Programming Language Design and Implementation (PLDI)},
 year = {1997}
}

@proceedings{pldi98,
 booktitle = {Proc. of the ACM SIGPLAN Conf. on Programming Language Design and Implementation (PLDI)},
 year = {1998}
}

@proceedings{pldi99,
 booktitle = {Proc. of the ACM SIGPLAN Conf. on Programming Language Design and Implementation (PLDI)},
 year = {1999}
}

@proceedings{popl00,
 booktitle = {Proc. of the 27th ACM SIGPLAN-SIGACT Symp. on Principles of Programming Languages (POPL)},
 year = {2000}
}

@proceedings{popl01,
 booktitle = {Proc. of the 28th ACM SIGPLAN-SIGACT Symp. on Principles of Programming Languages (POPL)},
 year = {2001}
}

@proceedings{popl02,
 booktitle = {Proc. of the 29th ACM SIGPLAN-SIGACT Symp. on Principles of Programming Languages (POPL)},
 year = {2002}
}

@proceedings{popl03,
 booktitle = {Proc. of the 30th ACM SIGPLAN-SIGACT Symp. on Principles of Programming Languages (POPL)},
 year = {2003}
}

@proceedings{popl04,
 booktitle = {Proc. of the 31st ACM SIGPLAN-SIGACT Symp. on Principles of Programming Languages (POPL)},
 year = {2004}
}

@proceedings{popl05,
 booktitle = {Proc. of the 32nd ACM SIGPLAN-SIGACT Symp. on Principles of Programming Languages (POPL)},
 year = {2005}
}

@proceedings{popl06,
 booktitle = {Proc. of the 33rd ACM SIGPLAN-SIGACT Symp. on Principles of Programming Languages (POPL)},
 year = {2006}
}

@proceedings{popl07,
 booktitle = {Proc. of the 34th ACM SIGPLAN-SIGACT Symp. on Principles of Programming Languages (POPL)},
 year = {2007}
}

@proceedings{popl08,
 booktitle = {Proc. of the 35th ACM SIGPLAN-SIGACT Symp. on Principles of Programming Languages (POPL)},
 year = {2008}
}

@proceedings{popl09,
 booktitle = {Proc. of the 36th ACM SIGPLAN-SIGACT Symp. on Principles of Programming Languages (POPL)},
 year = {2009}
}

@proceedings{popl10,
 booktitle = {Proc. of the 37th ACM SIGPLAN-SIGACT Symp. on Principles of Programming Languages (POPL)},
 year = {2010}
}

@proceedings{popl11,
 booktitle = {Proc. of the 38th ACM SIGPLAN-SIGACT Symp. on Principles of Programming Languages (POPL)},
 year = {2011}
}

@proceedings{popl12,
 booktitle = {Proc. of the 39th ACM SIGPLAN-SIGACT Symp. on Principles of Programming Languages (POPL)},
 year = {2012}
}

@proceedings{popl13,
 booktitle = {Proc. of the 40th ACM SIGPLAN-SIGACT Symp. on Principles of Programming Languages (POPL)},
 year = {2013}
}

@proceedings{popl14,
 booktitle = {Proc. of the 41st ACM SIGPLAN-SIGACT Symp. on Principles of Programming Languages (POPL)},
 year = {2014}
}

@proceedings{popl15,
 booktitle = {Proc. of the 42nd ACM SIGPLAN-SIGACT Symp. on Principles of Programming Languages (POPL)},
 year = {2015}
}

@proceedings{popl16,
 booktitle = {Proc. of the 43rd ACM SIGPLAN-SIGACT Symp. on Principles of Programming Languages (POPL)},
 year = {2016}
}

@proceedings{popl17,
 booktitle = {Proc. of the 44th ACM SIGPLAN-SIGACT Symp. on Principles of Programming Languages (POPL)},
 year = {2017}
}

@proceedings{popl18,
 booktitle = {Proc. of the 45th ACM SIGPLAN-SIGACT Symp. on Principles of Programming Languages (POPL)},
 year = {2018}
}

@proceedings{popl19,
 booktitle = {Proc. of the 46th ACM SIGPLAN-SIGACT Symp. on Principles of Programming Languages (POPL)},
 year = {2019}
}

@proceedings{popl20,
 booktitle = {Proc. of the 47th ACM SIGPLAN-SIGACT Symp. on Principles of Programming Languages (POPL)},
 year = {2020}
}

@proceedings{popl21,
 booktitle = {Proc. of the 48th ACM SIGPLAN-SIGACT Symp. on Principles of Programming Languages (POPL)},
 year = {2021}
}

@proceedings{popl22,
 booktitle = {Proc. of the 49th ACM SIGPLAN-SIGACT Symp. on Principles of Programming Languages (POPL)},
 year = {2022}
}

@proceedings{popl73,
 booktitle = {Proc. of the 1st ACM SIGPLAN-SIGACT Symp. on Principles of Programming Languages (POPL)},
 year = {1973}
}

@proceedings{popl75,
 booktitle = {Proc. of the 2nd ACM SIGPLAN-SIGACT Symp. on Principles of Programming Languages (POPL)},
 year = {1975}
}

@proceedings{popl76,
 booktitle = {Proc. of the 3rd ACM SIGPLAN-SIGACT Symp. on Principles of Programming Languages (POPL)},
 year = {1976}
}

@proceedings{popl77,
 booktitle = {Proc. of the 4th ACM SIGPLAN-SIGACT Symp. on Principles of Programming Languages (POPL)},
 year = {1977}
}

@proceedings{popl78,
 booktitle = {Proc. of the 5th ACM SIGPLAN-SIGACT Symp. on Principles of Programming Languages (POPL)},
 year = {1978}
}

@proceedings{popl79,
 booktitle = {Proc. of the 6th ACM SIGPLAN-SIGACT Symp. on Principles of Programming Languages (POPL)},
 year = {1979}
}

@proceedings{popl80,
 booktitle = {Proc. of the 7th ACM SIGPLAN-SIGACT Symp. on Principles of Programming Languages (POPL)},
 year = {1980}
}

@proceedings{popl81,
 booktitle = {Proc. of the 8th ACM SIGPLAN-SIGACT Symp. on Principles of Programming Languages (POPL)},
 year = {1981}
}

@proceedings{popl82,
 booktitle = {Proc. of the 9th ACM SIGPLAN-SIGACT Symp. on Principles of Programming Languages (POPL)},
 year = {1982}
}

@proceedings{popl83,
 booktitle = {Proc. of the 10th ACM SIGPLAN-SIGACT Symp. on Principles of Programming Languages (POPL)},
 year = {1983}
}

@proceedings{popl84,
 booktitle = {Proc. of the 11th ACM SIGPLAN-SIGACT Symp. on Principles of Programming Languages (POPL)},
 year = {1984}
}

@proceedings{popl85,
 booktitle = {Proc. of the 12th ACM SIGPLAN-SIGACT Symp. on Principles of Programming Languages (POPL)},
 year = {1985}
}

@proceedings{popl86,
 booktitle = {Proc. of the 13th ACM SIGPLAN-SIGACT Symp. on Principles of Programming Languages (POPL)},
 year = {1986}
}

@proceedings{popl87,
 booktitle = {Proc. of the 14th ACM SIGPLAN-SIGACT Symp. on Principles of Programming Languages (POPL)},
 year = {1987}
}

@proceedings{popl88,
 booktitle = {Proc. of the 15th ACM SIGPLAN-SIGACT Symp. on Principles of Programming Languages (POPL)},
 year = {1988}
}

@proceedings{popl89,
 booktitle = {Proc. of the 16th ACM SIGPLAN-SIGACT Symp. on Principles of Programming Languages (POPL)},
 year = {1989}
}

@proceedings{popl90,
 booktitle = {Proc. of the 17th ACM SIGPLAN-SIGACT Symp. on Principles of Programming Languages (POPL)},
 year = {1990}
}

@proceedings{popl91,
 booktitle = {Proc. of the 18th ACM SIGPLAN-SIGACT Symp. on Principles of Programming Languages (POPL)},
 year = {1991}
}

@proceedings{popl92,
 booktitle = {Proc. of the 19th ACM SIGPLAN-SIGACT Symp. on Principles of Programming Languages (POPL)},
 year = {1992}
}

@proceedings{popl93,
 booktitle = {Proc. of the 20th ACM SIGPLAN-SIGACT Symp. on Principles of Programming Languages (POPL)},
 year = {1993}
}

@proceedings{popl94,
 booktitle = {Proc. of the 21st ACM SIGPLAN-SIGACT Symp. on Principles of Programming Languages (POPL)},
 year = {1994}
}

@proceedings{popl95,
 booktitle = {Proc. of the 22nd ACM SIGPLAN-SIGACT Symp. on Principles of Programming Languages (POPL)},
 year = {1995}
}

@proceedings{popl96,
 booktitle = {Proc. of the 23rd ACM SIGPLAN-SIGACT Symp. on Principles of Programming Languages (POPL)},
 year = {1996}
}

@proceedings{popl97,
 booktitle = {Proc. of the 24th ACM SIGPLAN-SIGACT Symp. on Principles of Programming Languages (POPL)},
 year = {1997}
}

@proceedings{popl98,
 booktitle = {Proc. of the 25th ACM SIGPLAN-SIGACT Symp. on Principles of Programming Languages (POPL)},
 year = {1998}
}

@proceedings{popl99,
 booktitle = {Proc. of the 26th ACM SIGPLAN-SIGACT Symp. on Principles of Programming Languages (POPL)},
 year = {1999}
}

@proceedings{ppopp00,
 booktitle = {Proc. of the ACM SIGPLAN Symp. on Principles and Practice of Parallel Programming (PPoPP)},
 year = {2000}
}

@proceedings{ppopp01,
 booktitle = {Proc. of the ACM SIGPLAN Symp. on Principles and Practice of Parallel Programming (PPoPP)},
 year = {2001}
}

@proceedings{ppopp02,
 booktitle = {Proc. of the ACM SIGPLAN Symp. on Principles and Practice of Parallel Programming (PPoPP)},
 year = {2002}
}

@proceedings{ppopp03,
 booktitle = {Proc. of the ACM SIGPLAN Symp. on Principles and Practice of Parallel Programming (PPoPP)},
 year = {2003}
}

@proceedings{ppopp04,
 booktitle = {Proc. of the ACM SIGPLAN Symp. on Principles and Practice of Parallel Programming (PPoPP)},
 year = {2004}
}

@proceedings{ppopp05,
 booktitle = {Proc. of the ACM SIGPLAN Symp. on Principles and Practice of Parallel Programming (PPoPP)},
 year = {2005}
}

@proceedings{ppopp06,
 booktitle = {Proc. of the ACM SIGPLAN Symp. on Principles and Practice of Parallel Programming (PPoPP)},
 year = {2006}
}

@proceedings{ppopp07,
 booktitle = {Proc. of the ACM SIGPLAN Symp. on Principles and Practice of Parallel Programming (PPoPP)},
 year = {2007}
}

@proceedings{ppopp08,
 booktitle = {Proc. of the ACM SIGPLAN Symp. on Principles and Practice of Parallel Programming (PPoPP)},
 year = {2008}
}

@proceedings{ppopp09,
 booktitle = {Proc. of the ACM SIGPLAN Symp. on Principles and Practice of Parallel Programming (PPoPP)},
 year = {2009}
}

@proceedings{ppopp10,
 booktitle = {Proc. of the ACM SIGPLAN Symp. on Principles and Practice of Parallel Programming (PPoPP)},
 year = {2010}
}

@proceedings{ppopp11,
 booktitle = {Proc. of the ACM SIGPLAN Symp. on Principles and Practice of Parallel Programming (PPoPP)},
 year = {2011}
}

@proceedings{ppopp12,
 booktitle = {Proc. of the ACM SIGPLAN Symp. on Principles and Practice of Parallel Programming (PPoPP)},
 year = {2012}
}

@proceedings{ppopp13,
 booktitle = {Proc. of the ACM SIGPLAN Symp. on Principles and Practice of Parallel Programming (PPoPP)},
 year = {2013}
}

@proceedings{ppopp14,
 booktitle = {Proc. of the ACM SIGPLAN Symp. on Principles and Practice of Parallel Programming (PPoPP)},
 year = {2014}
}

@proceedings{ppopp15,
 booktitle = {Proc. of the ACM SIGPLAN Symp. on Principles and Practice of Parallel Programming (PPoPP)},
 year = {2015}
}

@proceedings{ppopp16,
 booktitle = {Proc. of the ACM SIGPLAN Symp. on Principles and Practice of Parallel Programming (PPoPP)},
 year = {2016}
}

@proceedings{ppopp17,
 booktitle = {Proc. of the ACM SIGPLAN Symp. on Principles and Practice of Parallel Programming (PPoPP)},
 year = {2017}
}

@proceedings{ppopp18,
 booktitle = {Proc. of the ACM SIGPLAN Symp. on Principles and Practice of Parallel Programming (PPoPP)},
 year = {2018}
}

@proceedings{ppopp19,
 booktitle = {Proc. of the ACM SIGPLAN Symp. on Principles and Practice of Parallel Programming (PPoPP)},
 year = {2019}
}

@proceedings{ppopp20,
 booktitle = {Proc. of the ACM SIGPLAN Symp. on Principles and Practice of Parallel Programming (PPoPP)},
 year = {2020}
}

@proceedings{ppopp21,
 booktitle = {Proc. of the ACM SIGPLAN Symp. on Principles and Practice of Parallel Programming (PPoPP)},
 year = {2021}
}

@proceedings{ppopp22,
 booktitle = {Proc. of the ACM SIGPLAN Symp. on Principles and Practice of Parallel Programming (PPoPP)},
 year = {2022}
}

@proceedings{ppopp90,
 booktitle = {Proc. of the ACM SIGPLAN Symp. on Principles and Practice of Parallel Programming (PPoPP)},
 year = {1990}
}

@proceedings{ppopp91,
 booktitle = {Proc. of the ACM SIGPLAN Symp. on Principles and Practice of Parallel Programming (PPoPP)},
 year = {1991}
}

@proceedings{ppopp92,
 booktitle = {Proc. of the ACM SIGPLAN Symp. on Principles and Practice of Parallel Programming (PPoPP)},
 year = {1992}
}

@proceedings{ppopp93,
 booktitle = {Proc. of the ACM SIGPLAN Symp. on Principles and Practice of Parallel Programming (PPoPP)},
 year = {1993}
}

@proceedings{ppopp94,
 booktitle = {Proc. of the ACM SIGPLAN Symp. on Principles and Practice of Parallel Programming (PPoPP)},
 year = {1994}
}

@proceedings{ppopp95,
 booktitle = {Proc. of the ACM SIGPLAN Symp. on Principles and Practice of Parallel Programming (PPoPP)},
 year = {1995}
}

@proceedings{ppopp96,
 booktitle = {Proc. of the ACM SIGPLAN Symp. on Principles and Practice of Parallel Programming (PPoPP)},
 year = {1996}
}

@proceedings{ppopp97,
 booktitle = {Proc. of the ACM SIGPLAN Symp. on Principles and Practice of Parallel Programming (PPoPP)},
 year = {1997}
}

@proceedings{ppopp98,
 booktitle = {Proc. of the ACM SIGPLAN Symp. on Principles and Practice of Parallel Programming (PPoPP)},
 year = {1998}
}

@proceedings{ppopp99,
 booktitle = {Proc. of the ACM SIGPLAN Symp. on Principles and Practice of Parallel Programming (PPoPP)},
 year = {1999}
}

@proceedings{sc00,
 booktitle = {Proc. of the ACM/IEEE conf. on Supercomputing (SC00)},
 year = {2000}
}

@proceedings{sc01,
 booktitle = {Proc. of the ACM/IEEE conf. on Supercomputing (SC01)},
 year = {2001}
}

@proceedings{sc02,
 booktitle = {Proc. of the ACM/IEEE conf. on Supercomputing (SC02)},
 year = {2002}
}

@proceedings{sc03,
 booktitle = {Proc. of the ACM/IEEE conf. on Supercomputing (SC03)},
 year = {2003}
}

@proceedings{sc04,
 booktitle = {Proc. of the ACM/IEEE conf. on Supercomputing (SC04)},
 year = {2004}
}

@proceedings{sc05,
 booktitle = {Proc. of the ACM/IEEE conf. on Supercomputing (SC05)},
 year = {2005}
}

@proceedings{sc06,
 booktitle = {Proc. of the ACM/IEEE conf. on Supercomputing (SC06)},
 year = {2006}
}

@proceedings{sc07,
 booktitle = {Proc. of the ACM/IEEE conf. on Supercomputing (SC07)},
 year = {2007}
}

@proceedings{sc08,
 booktitle = {Proc. of the ACM/IEEE conf. on Supercomputing (SC08)},
 year = {2008}
}

@proceedings{sc09,
 booktitle = {Proc. of the ACM/IEEE conf. on Supercomputing (SC09)},
 year = {2009}
}

@proceedings{sc10,
 booktitle = {Proc. of the ACM/IEEE conf. on Supercomputing (SC10)},
 year = {2010}
}

@proceedings{sc11,
 booktitle = {Proc. of the ACM/IEEE conf. on Supercomputing (SC11)},
 year = {2011}
}

@proceedings{sc12,
 booktitle = {Proc. of the ACM/IEEE conf. on Supercomputing (SC12)},
 year = {2012}
}

@proceedings{sc13,
 booktitle = {Proc. of the ACM/IEEE conf. on Supercomputing (SC13)},
 year = {2013}
}

@proceedings{sc14,
 booktitle = {Proc. of the ACM/IEEE conf. on Supercomputing (SC14)},
 year = {2014}
}

@proceedings{sc15,
 booktitle = {Proc. of the ACM/IEEE conf. on Supercomputing (SC15)},
 year = {2015}
}

@proceedings{sc16,
 booktitle = {Proc. of the ACM/IEEE conf. on Supercomputing (SC16)},
 year = {2016}
}

@proceedings{sc17,
 booktitle = {Proc. of the ACM/IEEE conf. on Supercomputing (SC17)},
 year = {2017}
}

@proceedings{sc18,
 booktitle = {Proc. of the ACM/IEEE conf. on Supercomputing (SC18)},
 year = {2018}
}

@proceedings{sc19,
 booktitle = {Proc. of the ACM/IEEE conf. on Supercomputing (SC19)},
 year = {2019}
}

@proceedings{sc20,
 booktitle = {Proc. of the ACM/IEEE conf. on Supercomputing (SC20)},
 year = {2020}
}

@proceedings{sc21,
 booktitle = {Proc. of the ACM/IEEE conf. on Supercomputing (SC21)},
 year = {2021}
}

@proceedings{sc22,
 booktitle = {Proc. of the ACM/IEEE conf. on Supercomputing (SC22)},
 year = {2022}
}

@proceedings{sc88,
 booktitle = {Proc. of the ACM/IEEE conf. on Supercomputing (SC88)},
 year = {1988}
}

@proceedings{sc89,
 booktitle = {Proc. of the ACM/IEEE conf. on Supercomputing (SC89)},
 year = {1989}
}

@proceedings{sc90,
 booktitle = {Proc. of the ACM/IEEE conf. on Supercomputing (SC90)},
 year = {1990}
}

@proceedings{sc91,
 booktitle = {Proc. of the ACM/IEEE conf. on Supercomputing (SC91)},
 year = {1991}
}

@proceedings{sc92,
 booktitle = {Proc. of the ACM/IEEE conf. on Supercomputing (SC92)},
 year = {1992}
}

@proceedings{sc93,
 booktitle = {Proc. of the ACM/IEEE conf. on Supercomputing (SC93)},
 year = {1993}
}

@proceedings{sc94,
 booktitle = {Proc. of the ACM/IEEE conf. on Supercomputing (SC94)},
 year = {1994}
}

@proceedings{sc95,
 booktitle = {Proc. of the ACM/IEEE conf. on Supercomputing (SC95)},
 year = {1995}
}

@proceedings{sc96,
 booktitle = {Proc. of the ACM/IEEE conf. on Supercomputing (SC96)},
 year = {1996}
}

@proceedings{sc97,
 booktitle = {Proc. of the ACM/IEEE conf. on Supercomputing (SC97)},
 year = {1997}
}

@proceedings{sc98,
 booktitle = {Proc. of the ACM/IEEE conf. on Supercomputing (SC98)},
 year = {1998}
}

@proceedings{sc99,
 booktitle = {Proc. of the ACM/IEEE conf. on Supercomputing (SC99)},
 year = {1999}
}

@proceedings{sigcomm00,
 booktitle = {Proc. of the ACM SIGCOMM Conf. (SIGCOMM)},
 year = {2000}
}

@proceedings{sigcomm01,
 booktitle = {Proc. of the ACM SIGCOMM Conf. (SIGCOMM)},
 year = {2001}
}

@proceedings{sigcomm02,
 booktitle = {Proc. of the ACM SIGCOMM Conf. (SIGCOMM)},
 year = {2002}
}

@proceedings{sigcomm03,
 booktitle = {Proc. of the ACM SIGCOMM Conf. (SIGCOMM)},
 year = {2003}
}

@proceedings{sigcomm04,
 booktitle = {Proc. of the ACM SIGCOMM Conf. (SIGCOMM)},
 year = {2004}
}

@proceedings{sigcomm05,
 booktitle = {Proc. of the ACM SIGCOMM Conf. (SIGCOMM)},
 year = {2005}
}

@proceedings{sigcomm06,
 booktitle = {Proc. of the ACM SIGCOMM Conf. (SIGCOMM)},
 year = {2006}
}

@proceedings{sigcomm07,
 booktitle = {Proc. of the ACM SIGCOMM Conf. (SIGCOMM)},
 year = {2007}
}

@proceedings{sigcomm08,
 booktitle = {Proc. of the ACM SIGCOMM Conf. (SIGCOMM)},
 year = {2008}
}

@proceedings{sigcomm09,
 booktitle = {Proc. of the ACM SIGCOMM Conf. (SIGCOMM)},
 year = {2009}
}

@proceedings{sigcomm10,
 booktitle = {Proc. of the ACM SIGCOMM Conf. (SIGCOMM)},
 year = {2010}
}

@proceedings{sigcomm11,
 booktitle = {Proc. of the ACM SIGCOMM Conf. (SIGCOMM)},
 year = {2011}
}

@proceedings{sigcomm12,
 booktitle = {Proc. of the ACM SIGCOMM Conf. (SIGCOMM)},
 year = {2012}
}

@proceedings{sigcomm13,
 booktitle = {Proc. of the ACM SIGCOMM Conf. (SIGCOMM)},
 year = {2013}
}

@proceedings{sigcomm14,
 booktitle = {Proc. of the ACM SIGCOMM Conf. (SIGCOMM)},
 year = {2014}
}

@proceedings{sigcomm15,
 booktitle = {Proc. of the ACM SIGCOMM Conf. (SIGCOMM)},
 year = {2015}
}

@proceedings{sigcomm16,
 booktitle = {Proc. of the ACM SIGCOMM Conf. (SIGCOMM)},
 year = {2016}
}

@proceedings{sigcomm17,
 booktitle = {Proc. of the ACM SIGCOMM Conf. (SIGCOMM)},
 year = {2017}
}

@proceedings{sigcomm18,
 booktitle = {Proc. of the ACM SIGCOMM Conf. (SIGCOMM)},
 year = {2018}
}

@proceedings{sigcomm19,
 booktitle = {Proc. of the ACM SIGCOMM Conf. (SIGCOMM)},
 year = {2019}
}

@proceedings{sigcomm20,
 booktitle = {Proc. of the ACM SIGCOMM Conf. (SIGCOMM)},
 year = {2020}
}

@proceedings{sigcomm21,
 booktitle = {Proc. of the ACM SIGCOMM Conf. (SIGCOMM)},
 year = {2021}
}

@proceedings{sigcomm22,
 booktitle = {Proc. of the ACM SIGCOMM Conf. (SIGCOMM)},
 year = {2022}
}

@proceedings{sigcomm85,
 booktitle = {Proc. of the ACM SIGCOMM Conf. (SIGCOMM)},
 year = {1985}
}

@proceedings{sigcomm86,
 booktitle = {Proc. of the ACM SIGCOMM Conf. (SIGCOMM)},
 year = {1986}
}

@proceedings{sigcomm87,
 booktitle = {Proc. of the ACM SIGCOMM Conf. (SIGCOMM)},
 year = {1987}
}

@proceedings{sigcomm88,
 booktitle = {Proc. of the ACM SIGCOMM Conf. (SIGCOMM)},
 year = {1988}
}

@proceedings{sigcomm89,
 booktitle = {Proc. of the ACM SIGCOMM Conf. (SIGCOMM)},
 year = {1989}
}

@proceedings{sigcomm90,
 booktitle = {Proc. of the ACM SIGCOMM Conf. (SIGCOMM)},
 year = {1990}
}

@proceedings{sigcomm91,
 booktitle = {Proc. of the ACM SIGCOMM Conf. (SIGCOMM)},
 year = {1991}
}

@proceedings{sigcomm92,
 booktitle = {Proc. of the ACM SIGCOMM Conf. (SIGCOMM)},
 year = {1992}
}

@proceedings{sigcomm93,
 booktitle = {Proc. of the ACM SIGCOMM Conf. (SIGCOMM)},
 year = {1993}
}

@proceedings{sigcomm94,
 booktitle = {Proc. of the ACM SIGCOMM Conf. (SIGCOMM)},
 year = {1994}
}

@proceedings{sigcomm95,
 booktitle = {Proc. of the ACM SIGCOMM Conf. (SIGCOMM)},
 year = {1995}
}

@proceedings{sigcomm96,
 booktitle = {Proc. of the ACM SIGCOMM Conf. (SIGCOMM)},
 year = {1996}
}

@proceedings{sigcomm97,
 booktitle = {Proc. of the ACM SIGCOMM Conf. (SIGCOMM)},
 year = {1997}
}

@proceedings{sigcomm98,
 booktitle = {Proc. of the ACM SIGCOMM Conf. (SIGCOMM)},
 year = {1998}
}

@proceedings{sigcomm99,
 booktitle = {Proc. of the ACM SIGCOMM Conf. (SIGCOMM)},
 year = {1999}
}

@proceedings{sigmod00,
 booktitle = {Proc. of the 2000 ACM SIGMOD Intl. Conf. on Management of Data (SIGMOD)},
 year = {2000}
}

@proceedings{sigmod01,
 booktitle = {Proc. of the 2001 ACM SIGMOD Intl. Conf. on Management of Data (SIGMOD)},
 year = {2001}
}

@proceedings{sigmod02,
 booktitle = {Proc. of the 2002 ACM SIGMOD Intl. Conf. on Management of Data (SIGMOD)},
 year = {2002}
}

@proceedings{sigmod03,
 booktitle = {Proc. of the 2003 ACM SIGMOD Intl. Conf. on Management of Data (SIGMOD)},
 year = {2003}
}

@proceedings{sigmod04,
 booktitle = {Proc. of the 2004 ACM SIGMOD Intl. Conf. on Management of Data (SIGMOD)},
 year = {2004}
}

@proceedings{sigmod05,
 booktitle = {Proc. of the 2005 ACM SIGMOD Intl. Conf. on Management of Data (SIGMOD)},
 year = {2005}
}

@proceedings{sigmod06,
 booktitle = {Proc. of the 2006 ACM SIGMOD Intl. Conf. on Management of Data (SIGMOD)},
 year = {2006}
}

@proceedings{sigmod07,
 booktitle = {Proc. of the 2007 ACM SIGMOD Intl. Conf. on Management of Data (SIGMOD)},
 year = {2007}
}

@proceedings{sigmod08,
 booktitle = {Proc. of the 2008 ACM SIGMOD Intl. Conf. on Management of Data (SIGMOD)},
 year = {2008}
}

@proceedings{sigmod09,
 booktitle = {Proc. of the 2009 ACM SIGMOD Intl. Conf. on Management of Data (SIGMOD)},
 year = {2009}
}

@proceedings{sigmod10,
 booktitle = {Proc. of the 2010 ACM SIGMOD Intl. Conf. on Management of Data (SIGMOD)},
 year = {2010}
}

@proceedings{sigmod11,
 booktitle = {Proc. of the 2011 ACM SIGMOD Intl. Conf. on Management of Data (SIGMOD)},
 year = {2011}
}

@proceedings{sigmod12,
 booktitle = {Proc. of the 2012 ACM SIGMOD Intl. Conf. on Management of Data (SIGMOD)},
 year = {2012}
}

@proceedings{sigmod13,
 booktitle = {Proc. of the 2013 ACM SIGMOD Intl. Conf. on Management of Data (SIGMOD)},
 year = {2013}
}

@proceedings{sigmod14,
 booktitle = {Proc. of the 2014 ACM SIGMOD Intl. Conf. on Management of Data (SIGMOD)},
 year = {2014}
}

@proceedings{sigmod15,
 booktitle = {Proc. of the 2015 ACM SIGMOD Intl. Conf. on Management of Data (SIGMOD)},
 year = {2015}
}

@proceedings{sigmod16,
 booktitle = {Proc. of the 2016 ACM SIGMOD Intl. Conf. on Management of Data (SIGMOD)},
 year = {2016}
}

@proceedings{sigmod17,
 booktitle = {Proc. of the 2017 ACM SIGMOD Intl. Conf. on Management of Data (SIGMOD)},
 year = {2017}
}

@proceedings{sigmod18,
 booktitle = {Proc. of the 2018 ACM SIGMOD Intl. Conf. on Management of Data (SIGMOD)},
 year = {2018}
}

@proceedings{sigmod19,
 booktitle = {Proc. of the 2019 ACM SIGMOD Intl. Conf. on Management of Data (SIGMOD)},
 year = {2019}
}

@proceedings{sigmod20,
 booktitle = {Proc. of the 2020 ACM SIGMOD Intl. Conf. on Management of Data (SIGMOD)},
 year = {2020}
}

@proceedings{sigmod21,
 booktitle = {Proc. of the 2021 ACM SIGMOD Intl. Conf. on Management of Data (SIGMOD)},
 year = {2021}
}

@proceedings{sigmod22,
 booktitle = {Proc. of the 2022 ACM SIGMOD Intl. Conf. on Management of Data (SIGMOD)},
 year = {2022}
}

@proceedings{sigmod88,
 booktitle = {Proc. of the 1988 ACM SIGMOD Intl. Conf. on Management of Data (SIGMOD)},
 year = {1988}
}

@proceedings{sigmod89,
 booktitle = {Proc. of the 1989 ACM SIGMOD Intl. Conf. on Management of Data (SIGMOD)},
 year = {1989}
}

@proceedings{sigmod90,
 booktitle = {Proc. of the 1990 ACM SIGMOD Intl. Conf. on Management of Data (SIGMOD)},
 year = {1990}
}

@proceedings{sigmod91,
 booktitle = {Proc. of the 1991 ACM SIGMOD Intl. Conf. on Management of Data (SIGMOD)},
 year = {1991}
}

@proceedings{sigmod92,
 booktitle = {Proc. of the 1992 ACM SIGMOD Intl. Conf. on Management of Data (SIGMOD)},
 year = {1992}
}

@proceedings{sigmod93,
 booktitle = {Proc. of the 1993 ACM SIGMOD Intl. Conf. on Management of Data (SIGMOD)},
 year = {1993}
}

@proceedings{sigmod94,
 booktitle = {Proc. of the 1994 ACM SIGMOD Intl. Conf. on Management of Data (SIGMOD)},
 year = {1994}
}

@proceedings{sigmod95,
 booktitle = {Proc. of the 1995 ACM SIGMOD Intl. Conf. on Management of Data (SIGMOD)},
 year = {1995}
}

@proceedings{sigmod96,
 booktitle = {Proc. of the 1996 ACM SIGMOD Intl. Conf. on Management of Data (SIGMOD)},
 year = {1996}
}

@proceedings{sigmod97,
 booktitle = {Proc. of the 1997 ACM SIGMOD Intl. Conf. on Management of Data (SIGMOD)},
 year = {1997}
}

@proceedings{sigmod98,
 booktitle = {Proc. of the 1998 ACM SIGMOD Intl. Conf. on Management of Data (SIGMOD)},
 year = {1998}
}

@proceedings{sigmod99,
 booktitle = {Proc. of the 1999 ACM SIGMOD Intl. Conf. on Management of Data (SIGMOD)},
 year = {1999}
}

@proceedings{sosp01,
 booktitle = {Proc. of the 18th Symp. on Operating System Principles (SOSP-18)},
 year = {2001}
}

@proceedings{sosp03,
 booktitle = {Proc. of the 19th Symp. on Operating System Principles (SOSP-19)},
 year = {2003}
}

@proceedings{sosp05,
 booktitle = {Proc. of the 20th Symp. on Operating System Principles (SOSP-20)},
 year = {2005}
}

@proceedings{sosp07,
 booktitle = {Proc. of the 21st Symp. on Operating System Principles (SOSP-21)},
 year = {2007}
}

@proceedings{sosp09,
 booktitle = {Proc. of the 22nd Symp. on Operating System Principles (SOSP-22)},
 year = {2009}
}

@proceedings{sosp11,
 booktitle = {Proc. of the 23rd Symp. on Operating System Principles (SOSP-23)},
 year = {2011}
}

@proceedings{sosp13,
 booktitle = {Proc. of the 24th Symp. on Operating System Principles (SOSP-24)},
 year = {2013}
}

@proceedings{sosp15,
 booktitle = {Proc. of the 25th Symp. on Operating System Principles (SOSP-25)},
 year = {2015}
}

@proceedings{sosp17,
 booktitle = {Proc. of the 26th Symp. on Operating System Principles (SOSP-26)},
 year = {2017}
}

@proceedings{sosp19,
 booktitle = {Proc. of the 27th Symp. on Operating System Principles (SOSP-27)},
 year = {2019}
}

@proceedings{sosp21,
 booktitle = {Proc. of the 28th Symp. on Operating System Principles (SOSP-28)},
 year = {2021}
}

@proceedings{sosp67,
 booktitle = {Proc. of the 1st Symp. on Operating System Principles (SOSP-1)},
 year = {1967}
}

@proceedings{sosp69,
 booktitle = {Proc. of the 2nd Symp. on Operating System Principles (SOSP-2)},
 year = {1969}
}

@proceedings{sosp71,
 booktitle = {Proc. of the 3rd Symp. on Operating System Principles (SOSP-3)},
 year = {1971}
}

@proceedings{sosp73,
 booktitle = {Proc. of the 4th Symp. on Operating System Principles (SOSP-4)},
 year = {1973}
}

@proceedings{sosp75,
 booktitle = {Proc. of the 5th Symp. on Operating System Principles (SOSP-5)},
 year = {1975}
}

@proceedings{sosp77,
 booktitle = {Proc. of the 6th Symp. on Operating System Principles (SOSP-6)},
 year = {1977}
}

@proceedings{sosp79,
 booktitle = {Proc. of the 7th Symp. on Operating System Principles (SOSP-7)},
 year = {1979}
}

@proceedings{sosp81,
 booktitle = {Proc. of the 8th Symp. on Operating System Principles (SOSP-8)},
 year = {1981}
}

@proceedings{sosp83,
 booktitle = {Proc. of the 9th Symp. on Operating System Principles (SOSP-9)},
 year = {1983}
}

@proceedings{sosp85,
 booktitle = {Proc. of the 10th Symp. on Operating System Principles (SOSP-10)},
 year = {1985}
}

@proceedings{sosp87,
 booktitle = {Proc. of the 11th Symp. on Operating System Principles (SOSP-11)},
 year = {1987}
}

@proceedings{sosp89,
 booktitle = {Proc. of the 12th Symp. on Operating System Principles (SOSP-12)},
 year = {1989}
}

@proceedings{sosp91,
 booktitle = {Proc. of the 13th Symp. on Operating System Principles (SOSP-13)},
 year = {1991}
}

@proceedings{sosp93,
 booktitle = {Proc. of the 14th Symp. on Operating System Principles (SOSP-14)},
 year = {1993}
}

@proceedings{sosp95,
 booktitle = {Proc. of the 15th Symp. on Operating System Principles (SOSP-15)},
 year = {1995}
}

@proceedings{sosp97,
 booktitle = {Proc. of the 16th Symp. on Operating System Principles (SOSP-16)},
 year = {1997}
}

@proceedings{sosp99,
 booktitle = {Proc. of the 17th Symp. on Operating System Principles (SOSP-17)},
 year = {1999}
}

@proceedings{spaa00,
 booktitle = {Proc. of the 12th ACM Symp. on Parallelism in Algorithms and Architectures (SPAA)},
 year = {2000}
}

@proceedings{spaa01,
 booktitle = {Proc. of the 13th ACM Symp. on Parallelism in Algorithms and Architectures (SPAA)},
 year = {2001}
}

@proceedings{spaa02,
 booktitle = {Proc. of the 14th ACM Symp. on Parallelism in Algorithms and Architectures (SPAA)},
 year = {2002}
}

@proceedings{spaa03,
 booktitle = {Proc. of the 15th ACM Symp. on Parallelism in Algorithms and Architectures (SPAA)},
 year = {2003}
}

@proceedings{spaa04,
 booktitle = {Proc. of the 16th ACM Symp. on Parallelism in Algorithms and Architectures (SPAA)},
 year = {2004}
}

@proceedings{spaa05,
 booktitle = {Proc. of the 17th ACM Symp. on Parallelism in Algorithms and Architectures (SPAA)},
 year = {2005}
}

@proceedings{spaa06,
 booktitle = {Proc. of the 18th ACM Symp. on Parallelism in Algorithms and Architectures (SPAA)},
 year = {2006}
}

@proceedings{spaa07,
 booktitle = {Proc. of the 19th ACM Symp. on Parallelism in Algorithms and Architectures (SPAA)},
 year = {2007}
}

@proceedings{spaa08,
 booktitle = {Proc. of the 20th ACM Symp. on Parallelism in Algorithms and Architectures (SPAA)},
 year = {2008}
}

@proceedings{spaa09,
 booktitle = {Proc. of the 21st ACM Symp. on Parallelism in Algorithms and Architectures (SPAA)},
 year = {2009}
}

@proceedings{spaa10,
 booktitle = {Proc. of the 22nd ACM Symp. on Parallelism in Algorithms and Architectures (SPAA)},
 year = {2010}
}

@proceedings{spaa11,
 booktitle = {Proc. of the 23rd ACM Symp. on Parallelism in Algorithms and Architectures (SPAA)},
 year = {2011}
}

@proceedings{spaa12,
 booktitle = {Proc. of the 24th ACM Symp. on Parallelism in Algorithms and Architectures (SPAA)},
 year = {2012}
}

@proceedings{spaa13,
 booktitle = {Proc. of the 25th ACM Symp. on Parallelism in Algorithms and Architectures (SPAA)},
 year = {2013}
}

@proceedings{spaa14,
 booktitle = {Proc. of the 26th ACM Symp. on Parallelism in Algorithms and Architectures (SPAA)},
 year = {2014}
}

@proceedings{spaa15,
 booktitle = {Proc. of the 27th ACM Symp. on Parallelism in Algorithms and Architectures (SPAA)},
 year = {2015}
}

@proceedings{spaa16,
 booktitle = {Proc. of the 28th ACM Symp. on Parallelism in Algorithms and Architectures (SPAA)},
 year = {2016}
}

@proceedings{spaa17,
 booktitle = {Proc. of the 29th ACM Symp. on Parallelism in Algorithms and Architectures (SPAA)},
 year = {2017}
}

@proceedings{spaa18,
 booktitle = {Proc. of the 30th ACM Symp. on Parallelism in Algorithms and Architectures (SPAA)},
 year = {2018}
}

@proceedings{spaa19,
 booktitle = {Proc. of the 31st ACM Symp. on Parallelism in Algorithms and Architectures (SPAA)},
 year = {2019}
}

@proceedings{spaa20,
 booktitle = {Proc. of the 32nd ACM Symp. on Parallelism in Algorithms and Architectures (SPAA)},
 year = {2020}
}

@proceedings{spaa21,
 booktitle = {Proc. of the 33rd ACM Symp. on Parallelism in Algorithms and Architectures (SPAA)},
 year = {2021}
}

@proceedings{spaa22,
 booktitle = {Proc. of the 34th ACM Symp. on Parallelism in Algorithms and Architectures (SPAA)},
 year = {2022}
}

@proceedings{spaa89,
 booktitle = {Proc. of the 1st ACM Symp. on Parallelism in Algorithms and Architectures (SPAA)},
 year = {1989}
}

@proceedings{spaa90,
 booktitle = {Proc. of the 2nd ACM Symp. on Parallelism in Algorithms and Architectures (SPAA)},
 year = {1990}
}

@proceedings{spaa91,
 booktitle = {Proc. of the 3rd ACM Symp. on Parallelism in Algorithms and Architectures (SPAA)},
 year = {1991}
}

@proceedings{spaa92,
 booktitle = {Proc. of the 4th ACM Symp. on Parallelism in Algorithms and Architectures (SPAA)},
 year = {1992}
}

@proceedings{spaa93,
 booktitle = {Proc. of the 5th ACM Symp. on Parallelism in Algorithms and Architectures (SPAA)},
 year = {1993}
}

@proceedings{spaa94,
 booktitle = {Proc. of the 6th ACM Symp. on Parallelism in Algorithms and Architectures (SPAA)},
 year = {1994}
}

@proceedings{spaa95,
 booktitle = {Proc. of the 7th ACM Symp. on Parallelism in Algorithms and Architectures (SPAA)},
 year = {1995}
}

@proceedings{spaa96,
 booktitle = {Proc. of the 8th ACM Symp. on Parallelism in Algorithms and Architectures (SPAA)},
 year = {1996}
}

@proceedings{spaa97,
 booktitle = {Proc. of the 9th ACM Symp. on Parallelism in Algorithms and Architectures (SPAA)},
 year = {1997}
}

@proceedings{spaa98,
 booktitle = {Proc. of the 10th ACM Symp. on Parallelism in Algorithms and Architectures (SPAA)},
 year = {1998}
}

@proceedings{spaa99,
 booktitle = {Proc. of the 11th ACM Symp. on Parallelism in Algorithms and Architectures (SPAA)},
 year = {1999}
}

@proceedings{usenix00,
 booktitle = {Proc. of the USENIX Annual Technical Conf. (USENIX ATC)},
 year = {2000}
}

@proceedings{usenix01,
 booktitle = {Proc. of the USENIX Annual Technical Conf. (USENIX ATC)},
 year = {2001}
}

@proceedings{usenix02,
 booktitle = {Proc. of the USENIX Annual Technical Conf. (USENIX ATC)},
 year = {2002}
}

@proceedings{usenix03,
 booktitle = {Proc. of the USENIX Annual Technical Conf. (USENIX ATC)},
 year = {2003}
}

@proceedings{usenix04,
 booktitle = {Proc. of the USENIX Annual Technical Conf. (USENIX ATC)},
 year = {2004}
}

@proceedings{usenix05,
 booktitle = {Proc. of the USENIX Annual Technical Conf. (USENIX ATC)},
 year = {2005}
}

@proceedings{usenix06,
 booktitle = {Proc. of the USENIX Annual Technical Conf. (USENIX ATC)},
 year = {2006}
}

@proceedings{usenix07,
 booktitle = {Proc. of the USENIX Annual Technical Conf. (USENIX ATC)},
 year = {2007}
}

@proceedings{usenix08,
 booktitle = {Proc. of the USENIX Annual Technical Conf. (USENIX ATC)},
 year = {2008}
}

@proceedings{usenix09,
 booktitle = {Proc. of the USENIX Annual Technical Conf. (USENIX ATC)},
 year = {2009}
}

@proceedings{usenix10,
 booktitle = {Proc. of the USENIX Annual Technical Conf. (USENIX ATC)},
 year = {2010}
}

@proceedings{usenix11,
 booktitle = {Proc. of the USENIX Annual Technical Conf. (USENIX ATC)},
 year = {2011}
}

@proceedings{usenix12,
 booktitle = {Proc. of the USENIX Annual Technical Conf. (USENIX ATC)},
 year = {2012}
}

@proceedings{usenix13,
 booktitle = {Proc. of the USENIX Annual Technical Conf. (USENIX ATC)},
 year = {2013}
}

@proceedings{usenix14,
 booktitle = {Proc. of the USENIX Annual Technical Conf. (USENIX ATC)},
 year = {2014}
}

@proceedings{usenix15,
 booktitle = {Proc. of the USENIX Annual Technical Conf. (USENIX ATC)},
 year = {2015}
}

@proceedings{usenix16,
 booktitle = {Proc. of the USENIX Annual Technical Conf. (USENIX ATC)},
 year = {2016}
}

@proceedings{usenix17,
 booktitle = {Proc. of the USENIX Annual Technical Conf. (USENIX ATC)},
 year = {2017}
}

@proceedings{usenix18,
 booktitle = {Proc. of the USENIX Annual Technical Conf. (USENIX ATC)},
 year = {2018}
}

@proceedings{usenix19,
 booktitle = {Proc. of the USENIX Annual Technical Conf. (USENIX ATC)},
 year = {2019}
}

@proceedings{usenix20,
 booktitle = {Proc. of the USENIX Annual Technical Conf. (USENIX ATC)},
 year = {2020}
}

@proceedings{usenix21,
 booktitle = {Proc. of the USENIX Annual Technical Conf. (USENIX ATC)},
 year = {2021}
}

@proceedings{usenix22,
 booktitle = {Proc. of the USENIX Annual Technical Conf. (USENIX ATC)},
 year = {2022}
}

@proceedings{usenix94,
 booktitle = {Proc. of the USENIX Annual Technical Conf. (USENIX ATC)},
 year = {1994}
}

@proceedings{usenix95,
 booktitle = {Proc. of the USENIX Annual Technical Conf. (USENIX ATC)},
 year = {1995}
}

@proceedings{usenix96,
 booktitle = {Proc. of the USENIX Annual Technical Conf. (USENIX ATC)},
 year = {1996}
}

@proceedings{usenix97,
 booktitle = {Proc. of the USENIX Annual Technical Conf. (USENIX ATC)},
 year = {1997}
}

@proceedings{usenix98,
 booktitle = {Proc. of the USENIX Annual Technical Conf. (USENIX ATC)},
 year = {1998}
}

@proceedings{usenix99,
 booktitle = {Proc. of the USENIX Annual Technical Conf. (USENIX ATC)},
 year = {1999}
}

@proceedings{vldb08,
 booktitle = {Proc. of the VLDB Endowment (VLDB)},
 year = {2008}
}

@proceedings{vldb09,
 booktitle = {Proc. of the VLDB Endowment (VLDB)},
 year = {2009}
}

@proceedings{vldb10,
 booktitle = {Proc. of the VLDB Endowment (VLDB)},
 year = {2010}
}

@proceedings{vldb11,
 booktitle = {Proc. of the VLDB Endowment (VLDB)},
 year = {2011}
}

@proceedings{vldb12,
 booktitle = {Proc. of the VLDB Endowment (VLDB)},
 year = {2012}
}

@proceedings{vldb13,
 booktitle = {Proc. of the VLDB Endowment (VLDB)},
 year = {2013}
}

@proceedings{vldb14,
 booktitle = {Proc. of the VLDB Endowment (VLDB)},
 year = {2014}
}

@proceedings{vldb15,
 booktitle = {Proc. of the VLDB Endowment (VLDB)},
 year = {2015}
}

@proceedings{vldb16,
 booktitle = {Proc. of the VLDB Endowment (VLDB)},
 year = {2016}
}

@proceedings{vldb17,
 booktitle = {Proc. of the VLDB Endowment (VLDB)},
 year = {2017}
}

@proceedings{vldb18,
 booktitle = {Proc. of the VLDB Endowment (VLDB)},
 year = {2018}
}

@proceedings{vldb19,
 booktitle = {Proc. of the VLDB Endowment (VLDB)},
 year = {2019}
}

@proceedings{vldb20,
 booktitle = {Proc. of the VLDB Endowment (VLDB)},
 year = {2020}
}

@proceedings{vldb21,
 booktitle = {Proc. of the VLDB Endowment (VLDB)},
 year = {2021}
}

@proceedings{vldb22,
 booktitle = {Proc. of the VLDB Endowment (VLDB)},
 year = {2022}
}

@proceedings{www00,
 booktitle = {Proc. of the 9th Intl. Conf. on World Wide Web (WWW-9)},
 year = {2000}
}

@proceedings{www01,
 booktitle = {Proc. of the 10th Intl. Conf. on World Wide Web (WWW-10)},
 year = {2001}
}

@proceedings{www02,
 booktitle = {Proc. of the 11th Intl. Conf. on World Wide Web (WWW-11)},
 year = {2002}
}

@proceedings{www03,
 booktitle = {Proc. of the 12th Intl. Conf. on World Wide Web (WWW-12)},
 year = {2003}
}

@proceedings{www04,
 booktitle = {Proc. of the 13th Intl. Conf. on World Wide Web (WWW-13)},
 year = {2004}
}

@proceedings{www05,
 booktitle = {Proc. of the 14th Intl. Conf. on World Wide Web (WWW-14)},
 year = {2005}
}

@proceedings{www06,
 booktitle = {Proc. of the 15th Intl. Conf. on World Wide Web (WWW-15)},
 year = {2006}
}

@proceedings{www07,
 booktitle = {Proc. of the 16th Intl. Conf. on World Wide Web (WWW-16)},
 year = {2007}
}

@proceedings{www08,
 booktitle = {Proc. of the 17th Intl. Conf. on World Wide Web (WWW-17)},
 year = {2008}
}

@proceedings{www09,
 booktitle = {Proc. of the 18th Intl. Conf. on World Wide Web (WWW-18)},
 year = {2009}
}

@proceedings{www10,
 booktitle = {Proc. of the 19th Intl. Conf. on World Wide Web (WWW-19)},
 year = {2010}
}

@proceedings{www11,
 booktitle = {Proc. of the 20th Intl. Conf. on World Wide Web (WWW-20)},
 year = {2011}
}

@proceedings{www12,
 booktitle = {Proc. of the 21st Intl. Conf. on World Wide Web (WWW-21)},
 year = {2012}
}

@proceedings{www13,
 booktitle = {Proc. of the 22nd Intl. Conf. on World Wide Web (WWW-22)},
 year = {2013}
}

@proceedings{www14,
 booktitle = {Proc. of the 23rd Intl. Conf. on World Wide Web (WWW-23)},
 year = {2014}
}

@proceedings{www15,
 booktitle = {Proc. of the 24th Intl. Conf. on World Wide Web (WWW-24)},
 year = {2015}
}

@proceedings{www16,
 booktitle = {Proc. of the 25th Intl. Conf. on World Wide Web (WWW-25)},
 year = {2016}
}

@proceedings{www17,
 booktitle = {Proc. of the 26th Intl. Conf. on World Wide Web (WWW-26)},
 year = {2017}
}

@proceedings{www18,
 booktitle = {Proc. of the The Web Conf. 2018 (WWW)},
 year = {2018}
}

@proceedings{www19,
 booktitle = {Proc. of the The Web Conf. 2019 (WWW)},
 year = {2019}
}

@proceedings{www20,
 booktitle = {Proc. of the The Web Conf. 2020 (WWW)},
 year = {2020}
}

@proceedings{www21,
 booktitle = {Proc. of the The Web Conf. 2021 (WWW)},
 year = {2021}
}

@proceedings{www22,
 booktitle = {Proc. of the The Web Conf. 2022 (WWW)},
 year = {2022}
}

@proceedings{www96,
 booktitle = {Proc. of the 5th Intl. Conf. on World Wide Web (WWW-5)},
 year = {1996}
}

@proceedings{www97,
 booktitle = {Proc. of the 6th Intl. Conf. on World Wide Web (WWW-6)},
 year = {1997}
}

@proceedings{www98,
 booktitle = {Proc. of the 7th Intl. Conf. on World Wide Web (WWW-7)},
 year = {1998}
}

@proceedings{www99,
 booktitle = {Proc. of the 8th Intl. Conf. on World Wide Web (WWW-8)},
 year = {1999}
}

