@inproceedings{tillet2019triton,
  author={Tillet, Philippe and Kung, Hsiang-Tsung and Cox, David},
  title={Triton: an intermediate language and compiler for tiled neural network computations},
  booktitle={Proceedings of the 3rd ACM SIGPLAN International Workshop on Machine Learning and Programming Languages},
  year={2019}
}
